@techreport{agarwal_global_1991,
  title = {Global {{Warming}} in an {{Unequal World}}: {{A Case}} of {{Environmental Colonialism}}},
  shorttitle = {Global {{Warming}} in an {{Unequal World}}},
  author = {Agarwal, Anil and Narain, Sunita},
  year = {1991},
  institution = {{India Centre for Science and Environment}},
  doi = {10.1093/oso/9780199498734.003.0005},
  url = {https://doi.org/10.1093/oso/9780199498734.003.0005},
  urldate = {2023-02-21}
}

@incollection{agarwal_global_2002,
  title = {The {{Global Commons}} and {{Environmental Justice}}\textemdash{{Climate Change}}},
  booktitle = {Environmental {{Justice}}},
  author = {Agarwal, Anil and Narain, Sunita and Sharma, Anju},
  year = {2002},
  publisher = {{Routledge}},
  isbn = {978-1-351-31168-7}
}

@article{aklin_prisoners_2020,
  title = {Prisoners of the {{Wrong Dilemma}}: {{Why Distributive Conflict}}, {{Not Collective Action}}, {{Characterizes}} the {{Politics}} of {{Climate Change}}},
  shorttitle = {Prisoners of the {{Wrong Dilemma}}},
  author = {Aklin, Micha{\"e}l and Mildenberger, Matto},
  year = {2020},
  month = nov,
  journal = {Global Environmental Politics},
  volume = {20},
  number = {4},
  pages = {4--27},
  issn = {1526-3800},
  doi = {10.1162/glep_a_00578},
  url = {https://doi.org/10.1162/glep_a_00578},
  urldate = {2021-04-14},
  annotation = {00023}
}

@techreport{aldy_architectures_2007,
  type = {Cambridge {{Books}}},
  title = {Architectures for {{Agreement}}},
  author = {Aldy, Joseph and Stavins, Robert},
  year = {2007},
  institution = {{Cambridge University Press}},
  url = {https://econpapers.repec.org/bookchap/cupcbooks/9780521692175.htm},
  urldate = {2022-11-09}
}

@article{allport_polls_1940,
  title = {Polls and the Science of Public Opinion},
  author = {Allport, Floyd H.},
  year = {1940},
  month = jun,
  journal = {Public Opinion Quarterly},
  volume = {4},
  number = {2},
  pages = {249--257},
  issn = {0033-362X},
  doi = {10.1086/265398},
  url = {https://doi.org/10.1086/265398},
  urldate = {2022-02-02}
}

@book{allport_social_1924,
  title = {Social {{Psychology}}},
  author = {Allport, F. H.},
  year = {1924},
  volume = {21},
  publisher = {{Journal of Philosophy Inc}}
}

@techreport{americans_for_tax_fairness_support_2021,
  title = {Support for {{Biden}}'s {{Tax}} and {{Economic Plans}}},
  author = {{Americans for Tax Fairness}},
  year = {2021},
  url = {https://americansfortaxfairness.org/wp-content/uploads/ALG-HART-ATF-DECK-JUNE-2021-FINAL-NATIONAL.pdf},
  urldate = {2023-02-28}
}

@book{amiel_thinking_2000,
  title = {Thinking about {{Inequality}}: {{Personal Judgment}} and {{Income Distributions}}},
  shorttitle = {Thinking about {{Inequality}}},
  author = {Amiel, Yoram and Cowell, Frank},
  year = {2000},
  publisher = {{Cambridge University Press}},
  url = {http://gen.lib.rus.ec/book/index.php?md5=430E645BEB59543E2624EF3B351A60FC},
  urldate = {2019-02-27},
  isbn = {978-0-521-46131-3},
  annotation = {00372}
}

@article{anderson_effects_2017,
  title = {Effects of Fairness Principles on Willingness to Pay for Climate Change Mitigation},
  author = {Anderson, Bril{\'e} and Bernauer, Thomas and Balietti, Stefano},
  year = {2017},
  month = jun,
  journal = {Climatic Change},
  volume = {142},
  number = {3},
  pages = {447--461},
  issn = {1573-1480},
  doi = {10.1007/s10584-017-1959-3},
  url = {https://doi.org/10.1007/s10584-017-1959-3},
  urldate = {2022-05-07},
  langid = {english}
}

@article{andre_fighting_2021,
  title = {Fighting {{Climate Change}}: {{The Role}} of {{Norms}}, {{Preferences}}, and {{Moral Values}}},
  author = {Andre, Peter and Boneva, Teodora and Chopra, Felix and Falk, Armin},
  year = {2021},
  pages = {60},
  langid = {english}
}

@book{athanasiou_dead_2002,
  title = {{Dead Heat: Global Justice and Global Warming}},
  shorttitle = {{Dead Heat}},
  author = {Athanasiou, Tom and Baer, Paul},
  year = {2002},
  month = jun,
  edition = {First Printing Edition},
  publisher = {{Seven Stories Press}},
  address = {{New York}},
  isbn = {978-1-58322-477-9},
  langid = {Englisch}
}

@article{athanasiou_fair_2022,
  title = {Fair {{Shares}} \textendash{} {{Lessons}} from {{Practice}}, {{Thoughts}} on {{Strategy}}},
  author = {Athanasiou, Tom and Holz, Christian and Kartha, Sivan},
  year = {2022},
  langid = {english}
}

@article{baer_equity_2000,
  title = {Equity and {{Greenhouse Gas Responsibility}}},
  author = {Baer, Paul and Harte, John and Haya, Barbara and Herzog, Antonia V. and Holdren, John and Hultman, Nathan E. and Kammen, Daniel M. and Norgaard, Richard B. and Raymond, Leigh},
  year = {2000},
  month = sep,
  journal = {Science},
  volume = {289},
  number = {5488},
  pages = {2287--2287},
  publisher = {{American Association for the Advancement of Science}},
  doi = {10.1126/science.289.5488.2287},
  url = {https://www.science.org/doi/10.1126/science.289.5488.2287},
  urldate = {2023-02-22}
}

@incollection{baer_equity_2002,
  title = {Equity, {{Greenhouse Gas Emissions}}, and {{Global Common Resources}}},
  booktitle = {Climate {{Change Policy}}: {{A Survey}}},
  author = {Baer, Paul},
  editor = {Schneider, S. H. and Rosencranz, A. and Niles, J.},
  year = {2002},
  pages = {393--408},
  publisher = {{Island Press}},
  address = {{Washington}},
  langid = {english}
}

@article{baer_greenhouse_2008,
  title = {Greenhouse {{Development Rights}}: Towards an Equitable Framework for Global Climate Policy},
  shorttitle = {Greenhouse {{Development Rights}}},
  author = {Baer, Paul and Fieldman, Glenn and Athanasiou, Tom and Kartha, Sivan},
  year = {2008},
  month = dec,
  journal = {Cambridge Review of International Affairs},
  volume = {21},
  number = {4},
  pages = {649--669},
  publisher = {{Routledge}},
  issn = {0955-7571},
  doi = {10.1080/09557570802453050},
  url = {https://doi.org/10.1080/09557570802453050},
  urldate = {2023-02-22}
}

@article{baer_greenhouse_2013,
  title = {The Greenhouse Development Rights Framework for Global Burden Sharing: Reflection on Principles and Prospects},
  shorttitle = {The Greenhouse Development Rights Framework for Global Burden Sharing},
  author = {Baer, Paul},
  year = {2013},
  journal = {WIREs Climate Change},
  volume = {4},
  number = {1},
  pages = {61--71},
  issn = {1757-7799},
  doi = {10.1002/wcc.201},
  url = {https://onlinelibrary.wiley.com/doi/abs/10.1002/wcc.201},
  urldate = {2023-02-22},
  langid = {english}
}

@article{baer_right_2007,
  title = {The Right to Development in a Climate Constrained World: The {{Greenhouse Development Rights}} Framework.},
  shorttitle = {The Right to Development in a Climate Constrained World},
  author = {Baer, P. and Athanasiou, T. and Kartha, S.},
  year = {2007},
  journal = {The right to development in a climate constrained world: the Greenhouse Development Rights framework.},
  publisher = {{Christian Aid}},
  url = {https://www.cabdirect.org/cabdirect/abstract/20073221932},
  urldate = {2023-02-22},
  langid = {english}
}

@article{baker_race_2015,
  title = {Race, {{Paternalism}}, and {{Foreign Aid}}: {{Evidence}} from {{U}}.{{S}}. {{Public Opinion}}},
  shorttitle = {Race, {{Paternalism}}, and {{Foreign Aid}}},
  author = {Baker, Andy},
  year = {2015},
  month = feb,
  journal = {American Political Science Review},
  volume = {109},
  number = {1},
  pages = {93--109},
  issn = {0003-0554, 1537-5943},
  doi = {10.1017/S0003055414000549},
  url = {https://www.cambridge.org/core/journals/american-political-science-review/article/race-paternalism-and-foreign-aid-evidence-from-us-public-opinion/18A3EDDE55B102D6E7A7D5E2DCBE8ADA},
  urldate = {2019-01-09},
  langid = {english},
  annotation = {00035}
}

@article{baranzini_carbon_2018-1,
  title = {Carbon Offsets out of the Woods? {{Acceptability}} of Domestic vs. International Reforestation Programmes in the Lab},
  shorttitle = {Carbon Offsets out of the Woods?},
  author = {Baranzini, Andrea and Borzykowski, Nicolas and Carattini, Stefano},
  year = {2018},
  month = aug,
  journal = {Journal of Forest Economics},
  volume = {32},
  pages = {1--12},
  issn = {1104-6899},
  doi = {10.1016/j.jfe.2018.02.004},
  url = {https://www.sciencedirect.com/science/article/pii/S1104689917301344},
  urldate = {2023-03-06},
  langid = {english}
}

@book{barnes_capitalism_2006,
  title = {Capitalism 3.0: A Guide to Reclaiming the Commons},
  shorttitle = {Capitalism 3.0},
  author = {Barnes, Peter},
  year = {2006},
  series = {A {{BK}} Currents Book},
  edition = {1st ed},
  publisher = {{Berrett-Koehler ; U.S. trade bookstores and wholesalers, Publishers Group West}},
  address = {{San Francisco : Berkeley}},
  isbn = {978-1-57675-361-3},
  langid = {english},
  lccn = {HD1289.U6 B37 2006},
  annotation = {OCLC: ocm67921968}
}

@incollection{barrett_managing_2006,
  title = {Managing the Global Commons},
  booktitle = {Secretariat of the {{International Task Force}} on {{Global Public Goods}}},
  author = {Barrett, Scott},
  year = {2006},
  edition = {Expert Paper Series Two: Global Commons},
  pages = {1--28},
  publisher = {{Erlanders Infologistics V\"ast AB}},
  address = {{Stockholm, Sweden}},
  url = {https://elearning.raghunathpurcollege.ac.in/files/9B6F3DE415861837050.pdf\#page=16},
  urldate = {2023-02-21}
}

@article{bauhr_does_2013,
  title = {Does {{Corruption Cause Aid Fatigue}}? {{Public Opinion}} and the {{Aid-Corruption Paradox}}},
  shorttitle = {Does {{Corruption Cause Aid Fatigue}}?},
  author = {Bauhr, Monika and Charron, Nicholas and Nasiritousi, Naghmeh},
  year = {2013},
  month = sep,
  journal = {International Studies Quarterly},
  volume = {57},
  number = {3},
  pages = {568--579},
  issn = {0020-8833},
  doi = {10.1111/isqu.12025},
  url = {https://academic.oup.com/isq/article/57/3/568/1807395},
  urldate = {2019-01-09},
  langid = {english},
  annotation = {00035}
}

@article{bayram_aiding_2017,
  title = {Aiding {{Strangers}}: {{Generalized Trust}} and the {{Moral Basis}} of {{Public Support}} for {{Foreign Development Aid}}},
  shorttitle = {Aiding {{Strangers}}},
  author = {Bayram, A. Burcu},
  year = {2017},
  month = jan,
  journal = {Foreign Policy Analysis},
  volume = {13},
  number = {1},
  pages = {133--153},
  issn = {1743-8586},
  doi = {10.1093/fpa/orw008},
  url = {https://academic.oup.com/fpa/article/13/1/133/2625526},
  urldate = {2019-01-09},
  langid = {english},
  annotation = {00014}
}

@article{bayram_due_2017,
  title = {Due {{Deference}}: {{Cosmopolitan Social Identity}} and the {{Psychology}} of {{Legal Obligation}} in {{International Politics}}},
  shorttitle = {Due {{Deference}}},
  author = {Bayram, A. Burcu},
  year = {2017},
  month = apr,
  journal = {International Organization},
  volume = {71},
  number = {S1},
  pages = {S137-S163},
  publisher = {{Cambridge University Press}},
  issn = {0020-8183, 1531-5088},
  doi = {10.1017/S0020818316000485},
  url = {https://www.cambridge.org/core/journals/international-organization/article/abs/due-deference-cosmopolitan-social-identity-and-the-psychology-of-legal-obligation-in-international-politics/EF178BCE2751873E397B06DE846310ED},
  urldate = {2023-03-06},
  langid = {english}
}

@article{bechtel_interests_2019,
  title = {Interests, {{Norms}} and {{Support}} for the {{Provision}} of {{Global Public Goods}}: {{The Case}} of {{Climate Co-operation}}},
  shorttitle = {Interests, {{Norms}} and {{Support}} for the {{Provision}} of {{Global Public Goods}}},
  author = {Bechtel, Michael M. and Genovese, Federica and Scheve, Kenneth F.},
  year = {2019},
  month = oct,
  journal = {British Journal of Political Science},
  volume = {49},
  number = {4},
  pages = {1333--1355},
  publisher = {{Cambridge University Press}},
  issn = {0007-1234, 1469-2112},
  doi = {10.1017/S0007123417000205},
  url = {https://www.cambridge.org/core/journals/british-journal-of-political-science/article/abs/interests-norms-and-support-for-the-provision-of-global-public-goods-the-case-of-climate-cooperation/C5A29DE5F7F1181C7567149DC7ACDE9B},
  urldate = {2022-05-07},
  langid = {english}
}

@article{bechtel_mass_2013,
  title = {Mass Support for Global Climate Agreements Depends on Institutional Design},
  author = {Bechtel, Michael M. and Scheve, Kenneth F.},
  year = {2013},
  month = aug,
  journal = {Proceedings of the National Academy of Sciences},
  volume = {110},
  number = {34},
  pages = {13763--13768},
  publisher = {{Proceedings of the National Academy of Sciences}},
  doi = {10.1073/pnas.1306374110},
  url = {https://www.pnas.org/doi/abs/10.1073/pnas.1306374110},
  urldate = {2023-01-04}
}

@article{beiser-mcgrath_commitment_2019,
  title = {Commitment Failures Are Unlikely to Undermine Public Support for the {{Paris}} Agreement},
  author = {{Beiser-McGrath}, Liam F. and Bernauer, Thomas},
  year = {2019},
  month = mar,
  journal = {Nature Climate Change},
  volume = {9},
  number = {3},
  pages = {248--252},
  publisher = {{Nature Publishing Group}},
  issn = {1758-6798},
  doi = {10.1038/s41558-019-0414-z},
  url = {https://www.nature.com/articles/s41558-019-0414-z},
  urldate = {2023-03-07},
  copyright = {2019 The Author(s), under exclusive licence to Springer Nature Limited},
  langid = {english}
}

@article{beiser-mcgrath_could_2019,
  title = {Could Revenue Recycling Make Effective Carbon Taxation Politically Feasible?},
  author = {{Beiser-McGrath}, Liam F. and Bernauer, Thomas},
  year = {2019},
  month = sep,
  journal = {Science Advances},
  volume = {5},
  number = {9},
  pages = {eaax3323},
  issn = {2375-2548},
  doi = {10.1126/sciadv.aax3323},
  url = {https://advances.sciencemag.org/content/5/9/eaax3323},
  urldate = {2019-09-25},
  copyright = {Copyright \textcopyright{} 2019 The Authors, some rights reserved; exclusive licensee American Association for the Advancement of Science. No claim to original U.S. Government Works. Distributed under a Creative Commons Attribution NonCommercial License 4.0 (CC BY-NC).. This is an open-access article distributed under the terms of the Creative Commons Attribution-NonCommercial license, which permits use, distribution, and reproduction in any medium, so long as the resultant use is not for commercial advantage and provided the original work is properly cited.},
  langid = {english},
  annotation = {00000}
}

@article{bergh_dual-track_2020,
  title = {A Dual-Track Transition to Global Carbon Pricing},
  author = {van den Bergh, Jeroen C. J. M. and Angelsen, Arild and Baranzini, Andrea and Botzen, W. J. W. and Carattini, Stefano and Drews, Stefan and Dunlop, Tessa and Galbraith, Eric and Gsottbauer, Elisabeth and Howarth, Richard B. and Padilla, Emilio and Roca, Jordi and Schmidt, Robert C.},
  year = {2020},
  month = oct,
  journal = {Climate Policy},
  volume = {20},
  number = {9},
  pages = {1057--1069},
  publisher = {{Taylor \& Francis}},
  issn = {1469-3062},
  doi = {10.1080/14693062.2020.1797618},
  url = {https://doi.org/10.1080/14693062.2020.1797618},
  urldate = {2020-10-01},
  annotation = {00003}
}

@article{bernauer_how_2015,
  title = {How Robust Is Public Support for Unilateral Climate Policy?},
  author = {Bernauer, Thomas and Gampfer, Robert},
  year = {2015},
  month = dec,
  journal = {Environmental Science \& Policy},
  volume = {54},
  pages = {316--330},
  issn = {1462-9011},
  doi = {10.1016/j.envsci.2015.07.010},
  url = {https://www.sciencedirect.com/science/article/pii/S1462901115300368},
  urldate = {2022-05-07},
  langid = {english}
}

@article{bernauer_unilateral_2016,
  title = {Unilateral or {{Reciprocal Climate Policy}}? {{Experimental Evidence}} from {{China}}},
  shorttitle = {Unilateral or {{Reciprocal Climate Policy}}?},
  author = {Bernauer, Thomas and Dong, Liang and McGrath, Liam F. and Shaymerdenova, Irina and Zhang, Haibin},
  year = {2016},
  month = sep,
  journal = {Politics and Governance},
  volume = {4},
  number = {3},
  pages = {152--171},
  issn = {2183-2463},
  doi = {10.17645/pag.v4i3.650},
  url = {https://www.cogitatiopress.com/politicsandgovernance/article/view/650},
  urldate = {2023-02-21},
  langid = {english}
}

@article{bertram_economic_1990,
  title = {Economic {{Instruments}} and the {{Greenhouse Effect}}},
  author = {Bertram, L. G. and Stephens, R. J. and Wallace, C. C.},
  year = {1990},
  month = jan,
  journal = {School of Management Working Papers},
  pages = {1--42},
  issn = {2324-349X},
  url = {https://ojs.victoria.ac.nz/somwp/article/view/7144},
  urldate = {2023-02-22},
  copyright = {Copyright (c) 1990},
  langid = {american}
}

@article{bertram_tradeable_1992,
  title = {Tradeable Emission Permits and the Control of Greenhouse Gases},
  author = {Bertram, Geoffrey},
  year = {1992},
  month = apr,
  journal = {The Journal of Development Studies},
  volume = {28},
  number = {3},
  pages = {423--446},
  publisher = {{Routledge}},
  issn = {0022-0388},
  doi = {10.1080/00220389208422240},
  url = {https://doi.org/10.1080/00220389208422240},
  urldate = {2023-02-22}
}

@article{blair_statistical_2012,
  title = {Statistical {{Analysis}} of {{List Experiments}}},
  author = {Blair, Graeme and Imai, Kosuke},
  year = {2012/ed},
  journal = {Political Analysis},
  volume = {20},
  number = {1},
  pages = {47--77},
  publisher = {{Cambridge University Press}},
  issn = {1047-1987, 1476-4989},
  doi = {10.1093/pan/mpr048},
  url = {https://www.cambridge.org/core/journals/political-analysis/article/statistical-analysis-of-list-experiments/6AEE6C9D3AB6DA410D602CB035D5959A},
  urldate = {2023-02-25},
  langid = {english}
}

@article{blanchard_major_2021,
  title = {Major {{Future Economic Challenges}}},
  author = {Blanchard, Olivier and Tirole, Jean},
  year = {2021},
  pages = {444},
  langid = {english},
  annotation = {00000}
}

@article{bodenstein_who_2017,
  title = {Who {{Cares}}? {{European Public Opinion}} on {{Foreign Aid}} and {{Political Conditionality}}},
  shorttitle = {Who {{Cares}}?},
  author = {Bodenstein, Thilo and Faust, J{\"o}rg},
  year = {2017},
  journal = {JCMS: Journal of Common Market Studies},
  volume = {55},
  number = {5},
  pages = {955--973},
  issn = {1468-5965},
  doi = {10.1111/jcms.12556},
  url = {https://onlinelibrary.wiley.com/doi/abs/10.1111/jcms.12556},
  urldate = {2019-01-09},
  copyright = {\textcopyright{} 2017 University Association for Contemporary European Studies and John Wiley \& Sons Ltd},
  langid = {english},
  annotation = {00003}
}

@article{bolch_arithmetics_2022,
  title = {The Arithmetics and Politics of Domestic Resource Mobilization for Poverty Eradication},
  author = {Bolch, Kimberly B. and Ceriani, Lidia and {L{\'o}pez-Calva}, Luis F.},
  year = {2022},
  month = jan,
  journal = {World Development},
  volume = {149},
  pages = {105691},
  issn = {0305-750X},
  doi = {10.1016/j.worlddev.2021.105691},
  url = {https://www.sciencedirect.com/science/article/pii/S0305750X21003065},
  urldate = {2021-11-28},
  langid = {english}
}

@article{bolsen_doing_2014,
  title = {Doing {{What Others Do}}: {{Norms}}, {{Science}}, and {{Collective Action}} on {{Global Warming}}},
  shorttitle = {Doing {{What Others Do}}},
  author = {Bolsen, Toby and Leeper, Thomas J. and Shapiro, Matthew A.},
  year = {2014},
  month = jan,
  journal = {American Politics Research},
  volume = {42},
  number = {1},
  pages = {65--89},
  issn = {1532-673X},
  doi = {10.1177/1532673X13484173},
  url = {https://doi.org/10.1177/1532673X13484173},
  urldate = {2019-09-26},
  langid = {english},
  annotation = {00049}
}

@article{borofsky_swiss_2021,
  title = {Swiss {{Panel Global Cooperation}} 202},
  author = {Borofsky, Yael and Brugger, Fritz and G{\"u}nther, Isabel and Patel, Shruti},
  year = {2021},
  pages = {7},
  langid = {english}
}

@book{bourban_penser_2018,
  title = {{Penser la justice climatique: Devoirs et politiques}},
  shorttitle = {{Penser la justice climatique}},
  author = {Bourban, Michel},
  year = {2018},
  publisher = {{Presses Universitaires de France - PUF}},
  address = {{Paris}},
  isbn = {978-2-13-079565-0},
  langid = {french}
}

@article{braghieri_political_2021,
  title = {Political {{Correctness}}, {{Social Image}}, and {{Information Transmission}}},
  author = {Braghieri, Luca},
  year = {2021}
}

@article{buckley_role_2000,
  title = {The {{Role}} of {{Pluralistic Ignorance}} in the {{Perception}} of {{Unethical Behavior}}},
  author = {Buckley, M. Ronald and Harvey, Michael G. and Beu, Danielle S.},
  year = {2000},
  month = feb,
  journal = {Journal of Business Ethics},
  volume = {23},
  number = {4},
  pages = {353--364},
  issn = {1573-0697},
  doi = {10.1023/A:1006294002920},
  url = {https://doi.org/10.1023/A:1006294002920},
  urldate = {2022-02-02},
  langid = {english}
}

@article{budolfson_utilitarian_2021,
  title = {Utilitarian Benchmarks for Emissions and Pledges Promote Equity, Climate and Development},
  author = {Budolfson, Mark B. and Anthoff, David and Dennig, Francis and Errickson, Frank and Kuruc, Kevin and Spears, Dean and Dubash, Navroz K.},
  year = {2021},
  month = oct,
  journal = {Nature Climate Change},
  volume = {11},
  number = {10},
  pages = {827--833},
  publisher = {{Nature Publishing Group}},
  issn = {1758-6798},
  doi = {10.1038/s41558-021-01130-6},
  url = {https://www.nature.com/articles/s41558-021-01130-6},
  urldate = {2023-02-14},
  copyright = {2021 The Author(s), under exclusive licence to Springer Nature Limited},
  langid = {english}
}

@article{buntaine_preferences_2018,
  title = {Preferences for {{Domestic Action Over International Transfers}} in {{Global Climate Policy}}},
  author = {Buntaine, Mark T. and Prather, Lauren},
  year = {2018/ed},
  journal = {Journal of Experimental Political Science},
  volume = {5},
  number = {2},
  pages = {73--87},
  publisher = {{Cambridge University Press}},
  issn = {2052-2630, 2052-2649},
  doi = {10.1017/XPS.2017.34},
  url = {https://www.cambridge.org/core/journals/journal-of-experimental-political-science/article/abs/preferences-for-domestic-action-over-international-transfers-in-global-climate-policy/4B2CE4E409910DB3A9087E27FB99D825},
  urldate = {2023-03-06},
  langid = {english}
}

@article{burke_warming_2009,
  title = {Warming Increases the Risk of Civil War in {{Africa}}},
  author = {Burke, Marshall B. and Miguel, Edward and Satyanath, Shanker and Dykema, John A. and Lobell, David B.},
  year = {2009},
  month = dec,
  journal = {Proceedings of the National Academy of Sciences},
  volume = {106},
  number = {49},
  pages = {20670--20674},
  issn = {0027-8424, 1091-6490},
  doi = {10.1073/pnas.0907998106},
  url = {https://www.pnas.org/content/106/49/20670},
  urldate = {2018-12-12},
  copyright = {\textcopyright{} 2009 .  Freely available online through the PNAS open access option.},
  langid = {english},
  pmid = {19934048}
}

@article{bursztyn_extreme_2020,
  title = {From {{Extreme}} to {{Mainstream}}: {{The Erosion}} of {{Social Norms}}},
  shorttitle = {From {{Extreme}} to {{Mainstream}}},
  author = {Bursztyn, Leonardo and Egorov, Georgy and Fiorin, Stefano},
  year = {2020},
  month = nov,
  journal = {American Economic Review},
  volume = {110},
  number = {11},
  pages = {3522--3548},
  issn = {0002-8282},
  doi = {10.1257/aer.20171175},
  url = {https://pubs.aeaweb.org/doi/10.1257/aer.20171175},
  urldate = {2022-07-02},
  langid = {english}
}

@article{bursztyn_misperceived_2020,
  title = {Misperceived {{Social Norms}}: {{Women Working Outside}} the {{Home}} in {{Saudi Arabia}}},
  shorttitle = {Misperceived {{Social Norms}}},
  author = {Bursztyn, Leonardo and Gonz{\'a}lez, Alessandra L. and {Yanagizawa-Drott}, David},
  year = {2020},
  month = oct,
  journal = {American Economic Review},
  volume = {110},
  number = {10},
  pages = {2997--3029},
  issn = {0002-8282},
  doi = {10.1257/aer.20180975},
  url = {https://www.aeaweb.org/articles?id=10.1257/aer.20180975},
  urldate = {2020-10-08},
  langid = {english}
}

@techreport{bursztyn_misperceptions_2021,
  type = {Working {{Paper}}},
  title = {Misperceptions about {{Others}}},
  author = {Bursztyn, Leonardo and Yang, David Y.},
  year = {2021},
  month = aug,
  series = {Working {{Paper Series}}},
  number = {29168},
  institution = {{National Bureau of Economic Research}},
  doi = {10.3386/w29168},
  url = {https://www.nber.org/papers/w29168},
  urldate = {2022-02-02}
}

@article{bursztyn_social_2017,
  title = {Social {{Image}} and {{Economic Behavior}} in the {{Field}}: {{Identifying}}, {{Understanding}}, and {{Shaping Social Pressure}}},
  shorttitle = {Social {{Image}} and {{Economic Behavior}} in the {{Field}}},
  author = {Bursztyn, Leonardo and Jensen, Robert},
  year = {2017},
  journal = {Annual Review of Economics},
  volume = {9},
  number = {1},
  pages = {131--153},
  doi = {10.1146/annurev-economics-063016-103625},
  url = {https://doi.org/10.1146/annurev-economics-063016-103625},
  urldate = {2022-02-02}
}

@misc{cappelen_universalism_2022,
  type = {Working {{Paper}}},
  title = {Universalism: {{Global Evidence}}},
  shorttitle = {Universalism},
  author = {Cappelen, Alexander W. and Enke, Benjamin and Tungodden, Bertil},
  year = {2022},
  month = jun,
  series = {Working {{Paper Series}}},
  number = {30157},
  eprint = {30157},
  publisher = {{National Bureau of Economic Research}},
  doi = {10.3386/w30157},
  url = {https://www.nber.org/papers/w30157},
  urldate = {2022-11-16},
  archiveprefix = {National Bureau of Economic Research}
}

@article{carattini_how_2019,
  title = {How to Win Public Support for a Global Carbon Tax},
  author = {Carattini, Stefano and Kallbekken, Steffen and Orlov, Anton},
  year = {2019},
  month = jan,
  journal = {Nature},
  volume = {565},
  number = {7739},
  pages = {289},
  doi = {10.1038/d41586-019-00124-x},
  url = {http://www.nature.com/articles/d41586-019-00124-x},
  urldate = {2019-02-28},
  copyright = {2019 Nature},
  langid = {english},
  annotation = {00000}
}

@article{carattini_overcoming_2018,
  title = {Overcoming Public Resistance to Carbon Taxes},
  author = {Carattini, Stefano and Carvalho, Maria and Fankhauser, Sam},
  year = {2018},
  journal = {Wiley Interdisciplinary Reviews: Climate Change},
  volume = {9},
  number = {5},
  pages = {e531},
  issn = {1757-7799},
  doi = {10.1002/wcc.531},
  url = {https://onlinelibrary.wiley.com/doi/abs/10.1002/wcc.531},
  urldate = {2019-01-04},
  copyright = {\textcopyright{} 2018 The Authors. WIREs Climate Change published by Wiley Periodicals, Inc.},
  langid = {english},
  annotation = {00006}
}

@article{carkoglu_economic_2015,
  title = {Economic Development, Environmental Justice, and pro-Environmental Behavior},
  author = {{\c C}arko{\u g}lu, Ali and {Kentmen-{\c C}in}, {\c C}i{\u g}dem},
  year = {2015},
  month = jul,
  journal = {Environmental Politics},
  volume = {24},
  number = {4},
  pages = {575--597},
  publisher = {{Routledge}},
  issn = {0964-4016},
  doi = {10.1080/09644016.2015.1023574},
  url = {https://doi.org/10.1080/09644016.2015.1023574},
  urldate = {2022-03-12}
}

@article{carlsson_fair_2013,
  title = {A Fair Share: {{Burden-sharing}} Preferences in the {{United States}} and {{China}}},
  shorttitle = {A Fair Share},
  author = {Carlsson, Fredrik and Kataria, Mitesh and Krupnick, Alan and Lampi, Elina and L{\"o}fgren, {\AA}sa and Qin, Ping and Sterner, Thomas},
  year = {2013},
  month = jan,
  journal = {Resource and Energy Economics},
  volume = {35},
  number = {1},
  pages = {1--17},
  issn = {0928-7655},
  doi = {10.1016/j.reseneeco.2012.11.001},
  url = {https://www.sciencedirect.com/science/article/pii/S0928765512000644},
  urldate = {2023-01-04},
  langid = {english}
}

@article{carlsson_is_2011,
  title = {Is Fairness Blind?\textemdash{{The}} Effect of Framing on Preferences for Effort-Sharing Rules},
  shorttitle = {Is Fairness Blind?},
  author = {Carlsson, Fredrik and Kataria, Mitesh and Lampi, Elina and L{\"o}fgren, {\AA}sa and Sterner, Thomas},
  year = {2011},
  month = jun,
  journal = {Ecological Economics},
  volume = {70},
  number = {8},
  pages = {1529--1535},
  issn = {0921-8009},
  doi = {10.1016/j.ecolecon.2011.03.015},
  url = {https://www.sciencedirect.com/science/article/pii/S0921800911001042},
  urldate = {2023-01-04},
  langid = {english}
}

@techreport{carty_footing_2022,
  title = {Footing the {{Bill}}: {{Fair}} Finance for Loss and Damage in an Era of Escalating Climate Impacts},
  shorttitle = {Footing the {{Bill}}},
  author = {Carty, Tracy and Walsh, Lyndsay},
  year = {2022},
  institution = {{Oxfam}},
  doi = {10.21201/2022.8977},
  url = {http://hdl.handle.net/10546/621382},
  urldate = {2023-03-02},
  langid = {english}
}

@article{chancel_carbon_2015,
  title = {Carbon and Inequality: From {{Kyoto}} to {{Paris}}},
  author = {Chancel, Lucas and Piketty, Thomas},
  year = {2015},
  pages = {50},
  langid = {english},
  annotation = {00056}
}

@article{cheng_why_2016,
  title = {Why {{Give}} It {{Away When You Need}} It {{Yourself}}? {{Understanding Public Support}} for {{Foreign Aid}} in {{China}}},
  shorttitle = {Why {{Give}} It {{Away When You Need}} It {{Yourself}}?},
  author = {Cheng, Zhiming and Smyth, Russell},
  year = {2016},
  month = jan,
  journal = {The Journal of Development Studies},
  volume = {52},
  number = {1},
  pages = {53--71},
  issn = {0022-0388},
  doi = {10.1080/00220388.2015.1068294},
  url = {https://doi.org/10.1080/00220388.2015.1068294},
  urldate = {2019-01-09},
  annotation = {00016}
}

@article{cherry_accepting_2017,
  title = {Accepting Market Failure: {{Cultural}} Worldviews and the Opposition to Corrective Environmental Policies},
  shorttitle = {Accepting Market Failure},
  author = {Cherry, Todd L. and Kallbekken, Steffen and Kroll, Stephan},
  year = {2017},
  month = sep,
  journal = {Journal of Environmental Economics and Management},
  volume = {85},
  pages = {193--204},
  issn = {0095-0696},
  doi = {10.1016/j.jeem.2017.05.004},
  url = {http://www.sciencedirect.com/science/article/pii/S0095069617303121},
  urldate = {2019-09-11},
  annotation = {00016}
}

@article{chong_whos_2006,
  title = {Who's {{Afraid}} of {{Foreign Aid}}?: {{The Donors}}' {{Perspective}}},
  author = {Chong, Alberto and Gradstein, Mark},
  year = {2006},
  journal = {Inter-American Development Bank WP},
  url = {https://publications.iadb.org/en/publication/whos-afraid-foreign-aid-donors-perspective},
  urldate = {2019-01-03}
}

@book{cramton_global_2017,
  title = {Global Carbon Pricing: The Path to Climate Cooperation},
  shorttitle = {Global Carbon Pricing},
  editor = {Cramton, Peter C. and MacKay, David J. C. and Ockenfels, Axel},
  year = {2017},
  publisher = {{MIT Press}},
  address = {{Cambridge, MA}},
  isbn = {978-0-262-03626-9},
  langid = {english},
  lccn = {HJ5316 .G56 2017},
  annotation = {00045}
}

@article{cramton_international_2015,
  title = {An {{International Carbon-Price Commitment Promotes Cooperation}}},
  author = {Cramton, Peter and Ockenfels, Axel and Stoft, Steven},
  year = {2015},
  journal = {Economics of Energy \& Environmental Policy},
  volume = {4},
  number = {2},
  eprint = {26189380},
  eprinttype = {jstor},
  pages = {51--64},
  publisher = {{International Association for Energy Economics}},
  issn = {2160-5882},
  url = {https://www.jstor.org/stable/26189380},
  urldate = {2023-02-20}
}

@article{dabla-norris_public_2023,
  title = {Public {{Perceptions}} of {{Climate Mitigation Policies}}: {{Evidence}} from {{Cross-Country Surveys}}},
  shorttitle = {Public {{Perceptions}} of {{Climate Mitigation Policies}}},
  author = {{Dabla-Norris}, Era and Helbling, Thomas and Khalid, Salma and Khan, Hibah and Magistretti, Giacomo and Sollaci, Alexandre and Srinivasan, Krishna},
  year = {2023},
  month = feb,
  journal = {Staff Discussion Notes},
  volume = {2023},
  number = {002},
  publisher = {{International Monetary Fund}},
  doi = {10.5089/9798400229756.006.A001},
  url = {https://www.elibrary.imf.org/view/journals/006/2023/002/article-A001-en.xml},
  urldate = {2023-02-14},
  chapter = {Staff Discussion Notes},
  isbn = {9798400229756},
  langid = {english}
}

@article{dannenberg_equity_2010,
  title = {Do {{Equity Preferences Matter}} for {{Climate Negotiators}}? {{An Experimental Investigation}}},
  shorttitle = {Do {{Equity Preferences Matter}} for {{Climate Negotiators}}?},
  author = {Dannenberg, Astrid and Sturm, Bodo and Vogt, Carsten},
  year = {2010},
  month = sep,
  journal = {Environmental and Resource Economics},
  volume = {47},
  number = {1},
  pages = {91--109},
  issn = {1573-1502},
  doi = {10.1007/s10640-010-9366-5},
  url = {https://doi.org/10.1007/s10640-010-9366-5},
  urldate = {2023-01-04},
  langid = {english}
}

@article{danz_belief_nodate,
  title = {Belief {{Elicitation}} and {{Behavioral Incentive Compatibility}}},
  author = {Danz, David and Vesterlund, Lise and Wilson, Alistair J.},
  journal = {American Economic Review},
  issn = {0002-8282},
  doi = {10.1257/aer.20201248},
  url = {https://www.aeaweb.org/articles?id=10.1257/aer.20201248},
  urldate = {2022-06-07},
  langid = {english}
}

@article{dechezlepretre_fighting_2022,
  title = {Fighting Climate Change: {{International}} Attitudes toward Climate Policies},
  shorttitle = {Fighting Climate Change},
  author = {Dechezlepr{\^e}tre, Antoine and Fabre, Adrien and Kruse, Tobias and Planterose, Bluebery and Sanchez Chico, Ana and Stantcheva, Stefanie},
  year = {2022},
  month = jul,
  journal = {NBER Working Paper},
  series = {{{OECD Economics Department Working Papers}}},
  volume = {1714},
  doi = {10.1787/3406f29a-en},
  url = {https://www.nber.org/system/files/working_papers/w30265/w30265.pdf},
  urldate = {2022-07-18},
  langid = {english}
}

@book{dfid_aid_2009,
  title = {Aid under Pressure: Support for Development Assistance in a Global Economic Downturn, Fourth Report of Session 2008-09, {{Vol}}. 1: {{Report}}, Together with Formal Minutes},
  shorttitle = {Aid under Pressure},
  author = {ommittee DFID, International Development},
  year = {2009},
  month = jun,
  publisher = {{The Stationery Office}},
  googlebooks = {HosUcVtiksgC},
  isbn = {978-0-215-53050-9},
  langid = {english}
}

@techreport{dfid_public_2010,
  title = {Public {{Attitudes Towards Development}}},
  author = {DFID, Department for International Development},
  year = {2010},
  url = {https://assets.publishing.service.gov.uk/government/uploads/system/uploads/attachment_data/file/67684/public-attitudes-april10.pdf},
  urldate = {2023-03-05}
}

@article{di_tella_conveniently_2015,
  title = {Conveniently {{Upset}}: {{Avoiding Altruism}} by {{Distorting Beliefs}} about {{Others}}' {{Altruism}}},
  shorttitle = {Conveniently {{Upset}}},
  author = {Di Tella, Rafael and {Perez-Truglia}, Ricardo and Babino, Andres and Sigman, Mariano},
  year = {2015},
  month = nov,
  journal = {American Economic Review},
  volume = {105},
  number = {11},
  pages = {3416--3442},
  issn = {0002-8282},
  doi = {10.1257/aer.20141409},
  url = {https://www.aeaweb.org/articles?id=10.1257/aer.20141409},
  urldate = {2022-06-07},
  langid = {english}
}

@article{diederich_voluntary_2018,
  title = {Voluntary Action for Climate Change Mitigation Does Not Exhibit Locational Preferences},
  author = {Diederich, Johannes and Goeschl, Timo},
  year = {2018},
  month = jul,
  journal = {Journal of Environmental Economics and Management},
  volume = {90},
  pages = {175--180},
  issn = {0095-0696},
  doi = {10.1016/j.jeem.2018.03.006},
  url = {https://www.sciencedirect.com/science/article/pii/S0095069617303534},
  urldate = {2023-03-06},
  langid = {english}
}

@article{dietrich_bypass_2013,
  title = {Bypass or {{Engage}}? {{Explaining Donor Delivery Tactics}} in {{Foreign Aid Allocation}}*},
  shorttitle = {Bypass or {{Engage}}?},
  author = {Dietrich, Simone},
  year = {2013},
  journal = {International Studies Quarterly},
  volume = {57},
  number = {4},
  pages = {698--712},
  issn = {1468-2478},
  doi = {10.1111/isqu.12041},
  url = {https://onlinelibrary.wiley.com/doi/abs/10.1111/isqu.12041},
  urldate = {2019-01-03},
  copyright = {\textcopyright{} 2012 International Studies Association},
  langid = {english}
}

@book{dixson-decleve_earth_2022,
  title = {{Earth for All: A Survival Guide for Humanity}},
  shorttitle = {{Earth for All}},
  author = {{Dixson-Decleve}, Sandrine and Gaffney, Owen and Ghosh, Jayati and Randers, Jorgen and Rockstrom, Johan and Stoknes, Per Espen},
  year = {2022},
  month = sep,
  publisher = {{New Society Publishers}},
  address = {{Gabriola Island, British Columbia, Canada}},
  isbn = {978-0-86571-986-6},
  langid = {Englisch}
}

@article{douenne_french_2020,
  title = {French Attitudes on Climate Change, Carbon Taxation and Other Climate Policies},
  author = {Douenne, Thomas and Fabre, Adrien},
  year = {2020},
  month = mar,
  journal = {Ecological Economics},
  volume = {169},
  pages = {106496},
  issn = {0921-8009},
  doi = {10.1016/j.ecolecon.2019.106496},
  url = {http://www.sciencedirect.com/science/article/pii/S0921800919310705},
  urldate = {2019-11-24},
  langid = {english},
  annotation = {00000}
}

@article{douenne_yellow_2022,
  title = {Yellow {{Vests}}, {{Pessimistic Beliefs}}, and {{Carbon Tax Aversion}}},
  author = {Douenne, Thomas and Fabre, Adrien},
  year = {2022},
  journal = {American Economic Journal: Economic Policy},
  url = {https://halshs.archives-ouvertes.fr/halshs-02482639},
  urldate = {2020-02-20},
  langid = {english}
}

@article{drews_biased_2022,
  title = {Biased Perceptions of Other People's Attitudes to Carbon Taxation},
  author = {Drews, Stefan and Savin, Ivan and {van den Bergh}, Jeroen C. J. M.},
  year = {2022},
  month = aug,
  journal = {Energy Policy},
  volume = {167},
  pages = {113051},
  issn = {0301-4215},
  doi = {10.1016/j.enpol.2022.113051},
  url = {https://www.sciencedirect.com/science/article/pii/S0301421522002762},
  urldate = {2022-06-05},
  langid = {english}
}

@book{dumont_essays_1992,
  title = {Essays on {{Individualism}}: {{Modern Ideology}} in {{Anthropological Perspective}}},
  shorttitle = {Essays on {{Individualism}}},
  author = {Dumont, Louis},
  year = {1992},
  month = feb,
  publisher = {{University of Chicago Press}},
  address = {{Chicago, IL}},
  url = {https://press.uchicago.edu/ucp/books/book/chicago/E/bo5951077.html},
  urldate = {2023-02-21},
  isbn = {978-0-226-16958-3},
  langid = {english}
}

@article{easterly_can_2003,
  title = {Can {{Foreign Aid Buy Growth}}?},
  author = {Easterly, William},
  year = {2003},
  month = sep,
  journal = {Journal of Economic Perspectives},
  volume = {17},
  number = {3},
  pages = {23--48},
  issn = {0895-3309},
  doi = {10.1257/089533003769204344},
  url = {https://www.aeaweb.org/articles?id=10.1257/089533003769204344},
  urldate = {2018-10-06},
  langid = {english}
}

@article{ecker-ehrhardt_why_2016,
  title = {Why Do Citizens Want the {{UN}} to Decide? {{Cosmopolitan}} Ideas, Particularism and Global Authority},
  shorttitle = {Why Do Citizens Want the {{UN}} to Decide?},
  author = {{Ecker-Ehrhardt}, Matthias},
  year = {2016},
  month = jan,
  journal = {International Political Science Review},
  volume = {37},
  number = {1},
  pages = {99--114},
  publisher = {{SAGE Publications Ltd}},
  issn = {0192-5121},
  doi = {10.1177/0192512114540189},
  url = {https://doi.org/10.1177/0192512114540189},
  urldate = {2023-03-05},
  langid = {english}
}

@techreport{egger_general_2019,
  type = {Working {{Paper}}},
  title = {General {{Equilibrium Effects}} of {{Cash Transfers}}: {{Experimental Evidence}} from {{Kenya}}},
  shorttitle = {General {{Equilibrium Effects}} of {{Cash Transfers}}},
  author = {Egger, Dennis and Haushofer, Johannes and Miguel, Edward and Niehaus, Paul and Walker, Michael W.},
  year = {2019},
  month = dec,
  series = {Working {{Paper Series}}},
  number = {26600},
  institution = {{National Bureau of Economic Research}},
  doi = {10.3386/w26600},
  url = {https://www.nber.org/papers/w26600},
  urldate = {2021-11-28}
}

@article{enke_moral_2023,
  title = {Moral Universalism and the Structure of Ideology},
  author = {Enke, Benjamin and {Rodr{\'i}guez-Padilla}, Ricardo and Zimmermann, Florian},
  year = {2023},
  journal = {Review of Economic Studies},
  langid = {english}
}

@article{enke_moral_2023-1,
  title = {Moral {{Universalism}}: {{Measurement}} and {{Economic Relevance}}},
  author = {Enke, Benjamin and {Rodr{\'i}guez-Padilla}, Ricardo and Zimmermann, Florian},
  year = {2023},
  journal = {Management Science},
  langid = {english}
}

@article{falk_fighting_2021,
  title = {Fighting {{Climate Change}}: {{The Role}} of {{Norms}}, {{Preferences}}, and {{Moral Values}}},
  author = {Falk, Armin and Andre, Peter and Boneva, Teodora and Chopra, Felix},
  year = {2021},
  pages = {59},
  langid = {english}
}

@article{farrow_social_2017,
  title = {Social {{Norms}} and {{Pro-environmental Behavior}}: {{A Review}} of the {{Evidence}}},
  shorttitle = {Social {{Norms}} and {{Pro-environmental Behavior}}},
  author = {Farrow, Katherine and Grolleau, Gilles and Ibanez, Lisette},
  year = {2017},
  month = oct,
  journal = {Ecological Economics},
  volume = {140},
  pages = {1--13},
  issn = {0921-8009},
  doi = {10.1016/j.ecolecon.2017.04.017},
  url = {https://www.sciencedirect.com/science/article/pii/S0921800915301543},
  urldate = {2022-06-04},
  langid = {english}
}

@techreport{fisman_americans_2017,
  type = {Working {{Paper}}},
  title = {Do {{Americans Want}} to {{Tax Capital}}? {{Evidence}} from {{Online Surveys}}},
  shorttitle = {Do {{Americans Want}} to {{Tax Capital}}?},
  author = {Fisman, Raymond and Gladstone, Keith and Kuziemko, Ilyana and Naidu, Suresh},
  year = {2017},
  month = oct,
  number = {23907},
  institution = {{National Bureau of Economic Research}},
  doi = {10.3386/w23907},
  url = {http://www.nber.org/papers/w23907},
  urldate = {2019-10-29},
  annotation = {00009}
}

@article{fleurbaey_climate_2013,
  title = {Climate {{Policies Deserve}} a {{Negative Discount Rate}}},
  author = {Fleurbaey, Marc and Zuber, Stephane},
  year = {2013},
  journal = {Chicago Journal of International Law},
  volume = {13},
  pages = {565},
  url = {https://chicagounbound.uchicago.edu/cgi/viewcontent.cgi?referer=\&httpsredir=1\&article=1381\&context=cjil},
  annotation = {00034}
}

@misc{gallup_international_inc_voice_2009,
  title = {Voice of the {{People Millennium Survey}}, 2000: {{Version}} 1},
  shorttitle = {Voice of the {{People Millennium Survey}}, 2000},
  author = {Gallup International, Inc.},
  year = {2009},
  publisher = {{ICPSR - Interuniversity Consortium for Political and Social Research}},
  doi = {10.3886/ICPSR24661.V1},
  url = {https://www.icpsr.umich.edu/web/ICPSR/studies/24661/versions/V1},
  urldate = {2023-03-06},
  langid = {english}
}

@misc{gallup_seventy_1946,
  title = {Seventy {{Years}} of {{U}}.{{S}}. {{Public Opinion}} on the {{United Nations}}},
  author = {Gallup, Inc},
  year = {1946},
  journal = {HuffPost},
  url = {https://www.huffpost.com/entry/seventy-years-of-us-publi_b_7639210},
  urldate = {2023-03-06},
  chapter = {Politics},
  langid = {english}
}

@article{gampfer_individuals_2014-1,
  title = {Do Individuals Care about Fairness in Burden Sharing for Climate Change Mitigation? {{Evidence}} from a Lab Experiment},
  shorttitle = {Do Individuals Care about Fairness in Burden Sharing for Climate Change Mitigation?},
  author = {Gampfer, Robert},
  year = {2014},
  month = may,
  journal = {Climatic Change},
  volume = {124},
  number = {1},
  pages = {65--77},
  issn = {1573-1480},
  doi = {10.1007/s10584-014-1091-6},
  url = {https://doi.org/10.1007/s10584-014-1091-6},
  urldate = {2023-02-21},
  langid = {english}
}

@article{gardiner_ethics_2004,
  title = {Ethics and {{Global Climate Change}}},
  author = {Gardiner, Stephen~M.},
  year = {2004},
  month = apr,
  journal = {Ethics},
  volume = {114},
  number = {3},
  pages = {555--600},
  publisher = {{The University of Chicago Press}},
  issn = {0014-1704},
  doi = {10.1086/382247},
  url = {https://www.journals.uchicago.edu/doi/abs/10.1086/382247},
  urldate = {2023-02-22}
}

@article{geiger_climate_2016,
  title = {Climate of Silence: {{Pluralistic}} Ignorance as a Barrier to Climate Change Discussion},
  shorttitle = {Climate of Silence},
  author = {Geiger, Nathaniel and Swim, Janet K.},
  year = {2016},
  month = sep,
  journal = {Journal of Environmental Psychology},
  volume = {47},
  pages = {79--90},
  issn = {0272-4944},
  doi = {10.1016/j.jenvp.2016.05.002},
  url = {https://www.sciencedirect.com/science/article/pii/S027249441630038X},
  urldate = {2022-02-02},
  langid = {english}
}

@article{ghassim_public_2022,
  title = {Public {{Opinion}} on {{Institutional Designs}} for the {{United Nations}}: {{An International Survey Experiment}}},
  shorttitle = {Public {{Opinion}} on {{Institutional Designs}} for the {{United Nations}}},
  author = {Ghassim, Farsan and {Koenig-Archibugi}, Mathias and Cabrera, Luis},
  year = {2022},
  month = jul,
  journal = {International Studies Quarterly},
  volume = {66},
  number = {3},
  pages = {sqac027},
  issn = {0020-8833, 1468-2478},
  doi = {10.1093/isq/sqac027},
  url = {https://academic.oup.com/isq/article/doi/10.1093/isq/sqac027/6649353},
  urldate = {2023-01-25},
  langid = {english}
}

@phdthesis{ghassim_who_2020,
  title = {Who on Earth Wants Global Democracy \textendash{} and Why (Not)? {{A}} Theoretical and Experimental Study of International Public Opinion},
  shorttitle = {Who on Earth Wants Global Democracy \textendash{} and Why (Not)?},
  author = {Ghassim, Farsan},
  year = {2020},
  url = {https://ora.ox.ac.uk/objects/uuid:5d63ad08-7e5d-4287-8d0f-9f5eab58d38d},
  urldate = {2021-09-07},
  langid = {english},
  school = {University of Oxford}
}

@article{gilens_political_2001,
  title = {Political {{Ignorance}} and {{Collective Policy Preferences}}},
  author = {Gilens, Martin},
  year = {2001},
  month = jun,
  journal = {American Political Science Review},
  volume = {95},
  number = {02},
  issn = {0003-0554, 1537-5943},
  doi = {10.1017/S0003055401002222},
  url = {http://www.journals.cambridge.org/abstract_S0003055401002222},
  urldate = {2019-01-03},
  langid = {english}
}

@techreport{global_challenges_foundation_attitudes_2018,
  title = {Attitudes to Global Risk and Governance Survey 2018},
  author = {Global Challenges Foundation},
  year = {2018}
}

@article{gollier_negotiating_2015,
  title = {Negotiating {{Effective Institutions Against Climate Change}}},
  author = {Gollier, Christian and Tirole, Jean},
  year = {2015},
  journal = {Economics of Energy \& Environmental Policy},
  volume = {4},
  number = {2},
  eprint = {26189377},
  eprinttype = {jstor},
  pages = {5--28},
  publisher = {{International Association for Energy Economics}},
  issn = {2160-5882},
  url = {https://www.jstor.org/stable/26189377},
  urldate = {2023-03-08}
}

@article{grubb_greenhouse_1990,
  title = {The {{Greenhouse Effect}}: {{Negotiating Targets}}},
  shorttitle = {The {{Greenhouse Effect}}},
  author = {Grubb, Michael},
  year = {1990},
  journal = {International Affairs (Royal Institute of International Affairs 1944-)},
  volume = {66},
  number = {1},
  eprint = {2622190},
  eprinttype = {jstor},
  pages = {67--89},
  publisher = {{[Wiley, Royal Institute of International Affairs]}},
  issn = {0020-5850},
  doi = {10.2307/2622190},
  url = {https://www.jstor.org/stable/2622190},
  urldate = {2023-02-22}
}

@article{hansen_aid_2001,
  title = {Aid and Growth Regressions},
  author = {Hansen, Henrik and Tarp, Finn},
  year = {2001},
  month = apr,
  journal = {Journal of Development Economics},
  volume = {64},
  number = {2},
  pages = {547--570},
  issn = {0304-3878},
  doi = {10.1016/S0304-3878(00)00150-4},
  url = {http://www.sciencedirect.com/science/article/pii/S0304387800001504},
  urldate = {2018-10-06}
}

@article{harris_fairness_2003,
  title = {Fairness, {{Responsibility}}, and {{Climate Change}}},
  author = {Harris, Paul G.},
  year = {2003},
  month = mar,
  journal = {Ethics \& International Affairs},
  volume = {17},
  number = {1},
  pages = {149--156},
  publisher = {{Cambridge University Press}},
  issn = {1747-7093, 0892-6794},
  doi = {10.1111/j.1747-7093.2003.tb00426.x},
  url = {https://www.cambridge.org/core/journals/ethics-and-international-affairs/article/abs/fairness-responsibility-and-climate-change/F1C675E1694F11615B8D4B1307510DDD},
  urldate = {2023-02-22},
  langid = {english}
}

@techreport{harris_les_2017,
  title = {Les {{Fran\c{c}ais}} et Le Budget de l'{{\'Etat}} Pour 2018 {{Quel}} Regard},
  author = {Harris},
  year = {2017},
  url = {http://harris-interactive.fr/wp-content/uploads/sites/6/2017/11/Rapport-Francais-budget-2018-LCP-Harris-Int.pdf},
  urldate = {2019-01-14}
}

@article{haushofer_short-term_2016,
  title = {The {{Short-term Impact}} of {{Unconditional Cash Transfers}} to the {{Poor}}: {{Experimental Evidence}} from {{Kenya}}},
  shorttitle = {The {{Short-term Impact}} of {{Unconditional Cash Transfers}} to the {{Poor}}},
  author = {Haushofer, Johannes and Shapiro, Jeremy},
  year = {2016},
  journal = {The Quarterly Journal of Economics},
  volume = {131},
  number = {4},
  pages = {1973--2042},
  url = {https://econpapers.repec.org/article/oupqjecon/v_3a131_3ay_3a2016_3ai_3a4_3ap_3a1973-2042..htm},
  urldate = {2018-10-06}
}

@article{heinrich_how_2020,
  title = {How {{Do People Evaluate Foreign Aid To}} `{{Nasty}}' {{Regimes}}?},
  author = {Heinrich, Tobias and Kobayashi, Yoshiharu},
  year = {2020},
  month = jan,
  journal = {British Journal of Political Science},
  volume = {50},
  number = {1},
  pages = {103--127},
  publisher = {{Cambridge University Press}},
  issn = {0007-1234, 1469-2112},
  doi = {10.1017/S0007123417000503},
  url = {https://www.cambridge.org/core/journals/british-journal-of-political-science/article/abs/how-do-people-evaluate-foreign-aid-to-nasty-regimes/6523AD61760973CA8EDE53A9B40F69D5},
  urldate = {2023-03-08},
  langid = {english}
}

@article{heinrich_voters_2018,
  title = {Voters {{Get What They Want}} ({{When They Pay Attention}}): {{Human Rights}}, {{Policy Benefits}}, and {{Foreign Aid}}},
  shorttitle = {Voters {{Get What They Want}} ({{When They Pay Attention}})},
  author = {Heinrich, Tobias and Kobayashi, Yoshiharu and Long, Leah},
  year = {2018},
  month = mar,
  journal = {International Studies Quarterly},
  volume = {62},
  number = {1},
  pages = {195--207},
  issn = {0020-8833},
  doi = {10.1093/isq/sqx081},
  url = {https://doi.org/10.1093/isq/sqx081},
  urldate = {2023-03-08}
}

@article{henson_public_2010,
  title = {Public {{Perceptions}} of {{International Development}} and {{Support}} for {{Aid}} in the {{UK}}: {{Results}} of a {{Qualitative Enquiry}}},
  shorttitle = {Public {{Perceptions}} of {{International Development}} and {{Support}} for {{Aid}} in the {{UK}}},
  author = {Henson, Spencer and Lindstrom, Johanna and Haddad, Lawrence and Mulmi, Rajendra},
  year = {2010},
  journal = {IDS Working Papers},
  volume = {2010},
  number = {353},
  pages = {01--67},
  issn = {2040-0209},
  doi = {10.1111/j.2040-0209.2010.00353_2.x},
  url = {https://onlinelibrary.wiley.com/doi/abs/10.1111/j.2040-0209.2010.00353_2.x},
  urldate = {2019-01-09},
  copyright = {\textcopyright{} 2010 Institute of Development Studies},
  langid = {english},
  annotation = {00032}
}

@book{hickel_divide_2017,
  title = {The {{Divide}}: {{A Brief Guide}} to {{Global Inequality}} and Its {{Solutions}}},
  shorttitle = {The {{Divide}}},
  author = {Hickel, Jason},
  year = {2017},
  publisher = {{Heinemann}},
  url = {http://gen.lib.rus.ec/book/index.php?md5=f8b948356e52c3a7a963c6aeb92077ee},
  urldate = {2021-07-14},
  isbn = {978-1-78515-112-5}
}

@article{hjerpe_common_2011,
  title = {Common Ground for Effort Sharing? {{Preferred}} Principles for Distributing Climate Mitigation Efforts},
  shorttitle = {Common Ground for Effort Sharing?},
  author = {Hjerpe, Mattias and L{\"o}fgren, {\AA}sa and Linn{\'e}r, Bj{\"o}rn-Ola and Hennlock, Magnus and Sterner, Thomas and Jagers, Sverker C.},
  year = {2011},
  month = mar,
  journal = {University of Gothenburg Working Papers},
  issn = {1403-2465},
  url = {https://gupea.ub.gu.se/handle/2077/24706},
  urldate = {2023-01-04},
  langid = {english},
  annotation = {Accepted: 2011-02-25T13:38:40Z}
}

@article{hoel_carbon_1991,
  title = {Carbon Taxes: {{An}} International Tax or Harmonized Domestic Taxes},
  author = {Hoel, Michael},
  year = {1991},
  journal = {CICERO Working Paper},
  url = {https://pub.cicero.oslo.no/cicero-xmlui/bitstream/handle/11250/192280/CICERO_Working_Paper_1991-01.pdf?sequence=1},
  urldate = {2023-02-02}
}

@article{hudson_mile_2012,
  title = {'{{A Mile Wide}} and an {{Inch Deep}}': {{Surveys}} of {{Public Attitudes}} towards {{Development Aid}}},
  shorttitle = {'{{A Mile Wide}} and an {{Inch Deep}}'},
  author = {Hudson, David and {van Heerde}, Jennifer},
  year = {2012},
  month = jan,
  journal = {International Journal of Development Education and Global Learning},
  doi = {info:doi/10.18546/IJDEGL.04.1.02},
  url = {http://www.ingentaconnect.com/content/ioep/ijdegl/2012/00000004/00000001/art00002},
  urldate = {2018-05-29},
  langid = {english},
  annotation = {00034}
}

@article{hurst_down_2017,
  title = {Down the {{Rathole}}? {{Public Support}} for {{US Foreign Aid}}},
  shorttitle = {Down the {{Rathole}}?},
  author = {Hurst, Reuben and Tidwell, Taylor and Hawkins, Darren},
  year = {2017},
  month = jun,
  journal = {International Studies Quarterly},
  volume = {61},
  number = {2},
  pages = {442--454},
  issn = {0020-8833},
  doi = {10.1093/isq/sqx019},
  url = {https://doi.org/10.1093/isq/sqx019},
  urldate = {2023-03-08}
}

@book{imf_how_2019,
  title = {How to Mitigate Climate Change},
  editor = {IMF},
  year = {2019},
  series = {Fiscal Monitor},
  number = {Oct. 2019},
  address = {{Washington, DC}},
  isbn = {978-1-4983-2122-8},
  langid = {english}
}

@techreport{isbell_footing_2022,
  title = {Footing the Bill?},
  author = {Isbell, Thomas},
  year = {2022},
  institution = {{Afrobarometer}},
  url = {https://www.afrobarometer.org/wp-content/uploads/2022/02/pp78-pap6-less_legitimacy_more_avoidance_mark_africans_views_on_taxation-afrobarometer_policy_paper-28jan22.pdf},
  urldate = {2023-02-28}
}

@article{issp_international_2019,
  title = {International {{Social Survey Programme ISSP}} 2019 - {{Social Inequality V}}},
  author = {ISSP},
  year = {2019}
}

@misc{issp_research_group_international_2010,
  title = {International {{Social Survey Programme}}: {{Environment III}}},
  shorttitle = {International {{Social Survey Programme}}},
  author = {ISSP Research Group},
  year = {2010},
  publisher = {{GESIS Data Archive}},
  doi = {10.4232/1.13271},
  url = {https://search.gesis.org/research_data/ZA5500?doi=10.4232/1.13271},
  urldate = {2023-03-05},
  collaborator = {Hadler, Markus and Carton, Ann and Jorrat, Jorge Ra{\'u}l and St{\"a}hli, Mich{\`e}le E. and Sapin, Marl{\`e}ne and Pollien, Alexandre and Dimova, Lilia and Joye, Dominique and Pammett, Jon H. and Segovia, Carolina and Marinovi{\'c} Jerolimov, Dinka and Smith, Michael L. and Clement, Sanne Lund and Andersen, J{\o}rgen G. and Larsen, Christian A. and Andersen, Johannes and Melin, Harri and Blom, Raimo and Fors{\'e}, Michel and Lemel, Yannick and Wolf, Christof and Park, Alison and {Lewin-Epstein}, Noah L. and Aramaki, Hiroshi and Hara, Miwako and Masaki, Miki and Kim, Sang-Wook and Tabuns, Aivars and Morones, C{\'e}sar and Krupavi{\v c}ius, Algis and Godinez, Alberto and Silva, Yasodhara and Ceballos, Vanessa and Palacios, Felipe and Gendall, Philip and Skj{\aa}k, Knut K. and Kolsrud, Kirstine and Mangahas, Mahar and Guerrero, Linda L. and Khakhulina, Ludmila and Piscov{\'a}, Magdalena and Bahna, Miloslav and {Hafner-Fink}, Mitja and Malnar, Brina and M{\'e}ndez, M{\'o}nica and {Garc{\'i}a-Pardo}, Natalia and Svallfors, Stefan and Edlund, Jonas and Chang, Ying-Hwa and Smith, Tom W. and Marsden, Peter V. and Hout, Michael and Struwig, Jare and Kalayc{\i}o{\u g}lu, Ersin and {\c C}arko{\u g}lu, Ali and Evans, Ann and {Sigurbj{\"o}rns-{\"O}ldud{\'o}ttir}, Sara and Arnalds, {\'A}sd{\'i}s A. and Ganzeboom, Harry and Vala, Jorge and Ramos, Alice and Argentina: Cualitativo Y Cuantitativo and Australia: Academic Surveys Australia and Austria: Institute For Empirical Social Research (IFES), Vienna and Belgium: TNS Dimarso, Brussels and Bulgaria: ESI Center, Sofia and Canada: Carleton University Survey Centre, Ottawa and {Switzerland: M.I.S. Trend SA, Institut De Recherches Sociales Et {\'e}conomiques, Lausanne} and Chile: ICCOM, Santiago and Czech Republic: Factum Invenio, Prague and Germany: TNS Infratest, Munich and Denmark: Ramb{\o}ll Denmark A/S, Copenhagen and Finland: Statistics Finland, Social Survey Unit, Helsinki and {France: FRANCE-ISSP (Centre De Recherche En Economie Et Statistique,Laboratoire De Sociologie Quantitative), Malakoff} and Great Britain: National Centre For Social Research (NatCen), London and Croatia: Hendal Market Research, Zagreb and Iceland: The Social Science Research Institute Of The University Of Iceland and Israel: B.I. And Lucille Cohen Institute, Tel Aviv and Japan: Central Research Services, Inc., Tokyo and Korea: Survey Research Center At Sungkyunkwan University, Seoul and Latvia: Marketing And Public Opinion Research Centre SKDS, Riga and Lithuania: RAIT, Vilnius and Mexico: Instituto De Mercadotecnia Y Opini{\'o}n (IMO), Zapopan, Jalisco and Netherlands: VU University Amsterdam and Norway: TNS Gallup (Contact And Paper Questionnaire Administration) And Norwegian Social Science Data Services (NSD) (Web Questionnaire Administration), Oslo and New Zealand: School Of Communication, Journalism And Marketing, Massey University, Palmerston North and Philippines: Social Weather Stations, Inc. (SWS) and Portugal: CESOP, Centro De Estudos E Sondagens De Opini{\~a}o and {Russia: Levada-Center, Moscow} and Slovenia: Public Opinion And Mass Communication Research Centre (CJMMK), Ljubljana and Slovak Republic: FOCUS, Bratislava and Spain: Center Of Sociological Research (CIS), Madrid and Sweden: TNS SIFO, Stockholm and Taiwan: Center For Survey Research, RCHSS, Academia Sinica, Nankang, Taipei and United States: National Opinion Research Center (NORC), University Of Chicago and {South-Africa: Human Sciences Research Council (HSRC), Pretoria} and Turkey: Infakto Research Workshop, Istanbul},
  copyright = {Alle im GESIS DBK ver\"offentlichten Metadaten sind frei verf\"ugbar unter den Creative Commons CC0 1.0 Universal Public Domain Dedication. GESIS bittet jedoch darum, dass Sie alle Metadatenquellen anerkennen und sie nennen, etwa die Datengeber oder jeglichen Aggregator, inklusive GESIS selbst. F\"ur weitere Informationen siehe https://dbk.gesis.org/dbksearch/guidelines.asp?db=d, All metadata from GESIS DBK are available free of restriction under the Creative Commons CC0 1.0 Universal Public Domain Dedication. However, GESIS requests that you actively acknowledge and give attribution to all metadata sources, such as the data providers and any data aggregators, including GESIS. For further information see https://dbk.gesis.org/dbksearch/guidelines.asp},
  langid = {english}
}

@article{j_ogorman_discovery_1986,
  title = {The Discovery of Pluralistic Ignorance: {{An}} Ironic Lesson},
  shorttitle = {The Discovery of Pluralistic Ignorance},
  author = {J. O'Gorman, Hubert},
  year = {1986},
  journal = {Journal of the History of the Behavioral Sciences},
  volume = {22},
  number = {4},
  pages = {333--347},
  issn = {1520-6696},
  doi = {10.1002/1520-6696(198610)22:4<333::AID-JHBS2300220405>3.0.CO;2-X},
  url = {https://onlinelibrary.wiley.com/doi/abs/10.1002/1520-6696\%28198610\%2922\%3A4\%3C333\%3A\%3AAID-JHBS2300220405\%3E3.0.CO\%3B2-X},
  urldate = {2022-02-02},
  langid = {english}
}

@article{jamieson_climate_2001,
  title = {Climate {{Change}} and {{Global Environmental Justice}}},
  author = {Jamieson, Dale},
  year = {2001},
  doi = {10.7551/mitpress/1789.003.0012},
  url = {https://direct.mit.edu/books/book/2661/chapter/72114/Climate-Change-and-Global-Environmental-Justice},
  urldate = {2023-02-21},
  langid = {english}
}

@article{jelassi_what_2016,
  title = {What {{I Learned}} from {{Leading}} a {{Tunisian Ministry During}} the {{Arab Spring}}},
  author = {Jelassi, Tawfik},
  year = {2016},
  month = may,
  journal = {Harvard Business Review},
  issn = {0017-8012},
  url = {https://hbr.org/2016/05/what-i-learned-from-leading-a-tunisian-ministry-during-the-arab-spring},
  urldate = {2023-02-21},
  chapter = {Change management}
}

@article{kahan_cultural_2011,
  title = {Cultural Cognition of Scientific Consensus},
  author = {Kahan, Dan M. and Jenkins-Smith, Hank and Braman, Donald},
  year = {2011},
  month = feb,
  journal = {Journal of Risk Research},
  volume = {14},
  number = {2},
  pages = {147--174},
  issn = {1366-9877},
  doi = {10.1080/13669877.2010.511246},
  url = {https://doi.org/10.1080/13669877.2010.511246},
  urldate = {2019-09-26},
  annotation = {01218}
}

@article{kaufmann_foreign_2012,
  title = {Foreign {{Aid Preferences}} and {{Perceptions}} in {{Donor Countries}}},
  author = {Kaufmann, Daniel and McGuirk, Eoin F and Vicente, Pedro C},
  year = {2012},
  pages = {46},
  langid = {english}
}

@article{kesternich_negotiating_2021,
  title = {Negotiating Weights for Burden Sharing Rules in International Climate Negotiations: An Empirical Analysis},
  shorttitle = {Negotiating Weights for Burden Sharing Rules in International Climate Negotiations},
  author = {Kesternich, Martin and L{\"o}schel, Andreas and Ziegler, Andreas},
  year = {2021},
  month = apr,
  journal = {Environmental Economics and Policy Studies},
  volume = {23},
  number = {2},
  pages = {309--331},
  issn = {1867-383X},
  doi = {10.1007/s10018-020-00289-0},
  url = {https://doi.org/10.1007/s10018-020-00289-0},
  urldate = {2023-01-04},
  langid = {english}
}

@article{klenert_making_2018,
  title = {Making Carbon Pricing Work for Citizens},
  author = {Klenert, David and Mattauch, Linus and Combet, Emmanuel and Edenhofer, Ottmar and Hepburn, Cameron and Rafaty, Ryan and Stern, Nicholas},
  year = {2018},
  month = aug,
  journal = {Nature Climate Change},
  volume = {8},
  number = {8},
  pages = {669},
  issn = {1758-6798},
  doi = {10.1038/s41558-018-0201-2},
  url = {https://www.nature.com/articles/s41558-018-0201-2},
  urldate = {2019-01-04},
  copyright = {2018 The Author(s)},
  langid = {english}
}

@article{kohler_limiting_2014,
  title = {Limiting {{Climate Change}} by {{Fostering Net Avoided Emissions}}: {{Reducing Fossil Fuel Supply}} and {{Emissions}} from {{Fuel Exploitation}}},
  shorttitle = {Limiting {{Climate Change}} by {{Fostering Net Avoided Emissions}}},
  author = {K{\"o}hler, Michel and Michaelowa, Axel},
  year = {2014},
  journal = {Carbon \& Climate Law Review},
  volume = {8},
  number = {1},
  eprint = {24323957},
  eprinttype = {jstor},
  pages = {55--64},
  publisher = {{Temporary Publisher}},
  issn = {1864-9904},
  url = {https://www.jstor.org/stable/24323957},
  urldate = {2023-03-03}
}

@article{kopczuk_limitations_2005,
  title = {The Limitations of Decentralized World Redistribution: {{An}} Optimal Taxation Approach},
  shorttitle = {The Limitations of Decentralized World Redistribution},
  author = {Kopczuk, Wojciech and Slemrod, Joel and Yitzhaki, Shlomo},
  year = {2005},
  month = may,
  journal = {European Economic Review},
  volume = {49},
  number = {4},
  pages = {1051--1079},
  issn = {0014-2921},
  doi = {10.1016/j.euroecorev.2003.08.004},
  url = {http://www.sciencedirect.com/science/article/pii/S001429210300093X},
  urldate = {2019-01-08},
  annotation = {00048}
}

@article{kuklinski_racial_1997,
  title = {Racial {{Attitudes}} and the "{{New South}}"},
  author = {Kuklinski, James H. and Cobb, Michael D. and Gilens, Martin},
  year = {1997},
  month = may,
  journal = {The Journal of Politics},
  volume = {59},
  number = {2},
  pages = {323--349},
  publisher = {{The University of Chicago Press}},
  issn = {0022-3816},
  doi = {10.1017/S0022381600053470},
  url = {https://www.journals.uchicago.edu/doi/abs/10.1017/S0022381600053470},
  urldate = {2022-07-04}
}

@article{lambert_pluralistic_2003,
  title = {Pluralistic Ignorance and {{Hooking}} Up},
  author = {Lambert, Tracy A. and Kahn, Arnold S. and Apple, Kevin J.},
  year = {2003},
  month = may,
  journal = {The Journal of Sex Research},
  volume = {40},
  number = {2},
  pages = {129--133},
  publisher = {{Taylor \& Francis}},
  issn = {0022-4499},
  doi = {10.1080/00224490309552174},
  url = {https://doi.org/10.1080/00224490309552174},
  urldate = {2022-02-02},
  pmid = {12908120}
}

@article{lange_fair_2017,
  title = {({{Un}})Fair {{Delegation}}: {{Exploring}} the {{Strategic Use}} of {{Equity Rules}} in {{International Climate Negotiations}}},
  shorttitle = {({{Un}})Fair {{Delegation}}},
  author = {Lange, Andreas and Schwirplies, Claudia},
  year = {2017},
  month = jul,
  journal = {Environmental and Resource Economics},
  volume = {67},
  number = {3},
  pages = {505--533},
  issn = {1573-1502},
  doi = {10.1007/s10640-017-0140-9},
  url = {https://doi.org/10.1007/s10640-017-0140-9},
  urldate = {2023-01-04},
  langid = {english}
}

@article{lange_importance_2007,
  title = {On the Importance of Equity in International Climate Policy: {{An}} Empirical Analysis},
  shorttitle = {On the Importance of Equity in International Climate Policy},
  author = {Lange, Andreas and Vogt, Carsten and Ziegler, Andreas},
  year = {2007},
  month = may,
  journal = {Energy Economics},
  volume = {29},
  number = {3},
  pages = {545--562},
  issn = {0140-9883},
  doi = {10.1016/j.eneco.2006.09.002},
  url = {https://www.sciencedirect.com/science/article/pii/S0140988306001137},
  urldate = {2023-01-04},
  langid = {english}
}

@article{lange_self-interested_2010,
  title = {On the Self-Interested Use of Equity in International Climate Negotiations},
  author = {Lange, Andreas and L{\"o}schel, Andreas and Vogt, Carsten and Ziegler, Andreas},
  year = {2010},
  month = apr,
  journal = {European Economic Review},
  volume = {54},
  number = {3},
  pages = {359--375},
  issn = {0014-2921},
  doi = {10.1016/j.euroecorev.2009.08.006},
  url = {https://www.sciencedirect.com/science/article/pii/S0014292109000944},
  urldate = {2021-12-06},
  langid = {english}
}

@article{mackay_price_2015,
  title = {Price Carbon - {{I}} Will If You Will},
  author = {MacKay, David J. C. and Cramton, Peter and Ockenfels, Axel and Stoft, Steven},
  year = {2015},
  month = oct,
  journal = {Nature},
  volume = {526},
  number = {7573},
  pages = {315--316},
  issn = {1476-4687},
  doi = {10.1038/526315a},
  langid = {english},
  pmid = {26469025},
  annotation = {00041}
}

@article{mccright_defeating_2003,
  title = {Defeating {{Kyoto}}: {{The Conservative Movement}}'s {{Impact}} on {{U}}.{{S}}. {{Climate Change Policy}}},
  shorttitle = {Defeating {{Kyoto}}},
  author = {McCright, Aaron M. and Dunlap, Riley E.},
  year = {2003},
  month = aug,
  journal = {Social Problems},
  volume = {50},
  number = {3},
  pages = {348--373},
  issn = {0037-7791},
  doi = {10.1525/sp.2003.50.3.348},
  url = {https://doi.org/10.1525/sp.2003.50.3.348},
  urldate = {2023-02-21}
}

@techreport{mcdonnell_public_2003,
  title = {Public {{Opinion}} and the {{Fight}} against {{Poverty}}},
  author = {McDonnell, Edited Ida Mc and Lecomte, Henri-Bernard Solignac and Wegimont, Liam},
  year = {2003},
  pages = {234},
  institution = {{OECD}},
  langid = {english}
}

@article{mcevoy_prospects_2016,
  title = {The Prospects for {{Paris}}: Behavioral Insights into Unconditional Cooperation on Climate Change},
  shorttitle = {The Prospects for {{Paris}}},
  author = {McEvoy, David M. and Cherry, Todd L.},
  year = {2016},
  month = aug,
  journal = {Palgrave Communications},
  volume = {2},
  number = {1},
  pages = {1--6},
  publisher = {{Palgrave}},
  issn = {2055-1045},
  doi = {10.1057/palcomms.2016.56},
  url = {https://www.nature.com/articles/palcomms201656},
  urldate = {2022-05-07},
  copyright = {2016 The Author(s)},
  langid = {english}
}

@article{mcgrath_how_2017,
  title = {How Strong Is Public Support for Unilateral Climate Policy and What Drives It?},
  author = {McGrath, Liam F. and Bernauer, Thomas},
  year = {2017},
  journal = {WIREs Climate Change},
  volume = {8},
  number = {6},
  pages = {e484},
  issn = {1757-7799},
  doi = {10.1002/wcc.484},
  url = {https://onlinelibrary.wiley.com/doi/abs/10.1002/wcc.484},
  urldate = {2022-05-07},
  langid = {english}
}

@article{meilland_international_2023,
  title = {International Climate Justice: What the People Think},
  author = {Meilland, Auriane and Kervinio, Yann and M{\'e}jean, Aur{\'e}lie},
  year = {2023}
}

@article{meilland_is_2020,
  title = {Is Every Country Taking Its Fair Share? {{A}} Survey on International Climate Justice},
  author = {Meilland, Auriane},
  year = {2020},
  annotation = {00000}
}

@article{meyer_briefing_2004,
  title = {Briefing: {{Contraction}} and Convergence},
  shorttitle = {Briefing},
  author = {Meyer, Aubrey},
  year = {2004},
  month = dec,
  journal = {Proceedings of the Institution of Civil Engineers - Engineering Sustainability},
  volume = {157},
  number = {4},
  pages = {189--192},
  publisher = {{ICE Publishing}},
  issn = {1478-4629},
  doi = {10.1680/ensu.2004.157.4.189},
  url = {https://www.icevirtuallibrary.com/doi/abs/10.1680/ensu.2004.157.4.189},
  urldate = {2023-02-22}
}

@inproceedings{meyer_kyoto_1999,
  title = {The {{Kyoto Protocol}} and the {{Emergence}} of ``{{Contraction}} and {{Convergence}}'' as a {{Framework}} for an {{International Political Solution}} to {{Greenhouse Gas Emissions Abatement}}},
  booktitle = {Man-{{Made Climate Change}}},
  author = {Meyer, Aubrey},
  editor = {Hohmeyer, Olav and Rennings, K.},
  year = {1999},
  series = {{{ZEW Economic Studies}}},
  pages = {291--345},
  publisher = {{Physica-Verlag HD}},
  address = {{Heidelberg}},
  doi = {10.1007/978-3-642-47035-6_15},
  isbn = {978-3-642-47035-6},
  langid = {english}
}

@article{mildenberger_beliefs_2019,
  title = {Beliefs about {{Climate Beliefs}}: {{The Importance}} of {{Second-Order Opinions}} for {{Climate Politics}}},
  shorttitle = {Beliefs about {{Climate Beliefs}}},
  author = {Mildenberger, Matto and Tingley, Dustin},
  year = {2019},
  month = oct,
  journal = {British Journal of Political Science},
  volume = {49},
  number = {4},
  pages = {1279--1307},
  publisher = {{Cambridge University Press}},
  issn = {0007-1234, 1469-2112},
  doi = {10.1017/S0007123417000321},
  url = {https://www.cambridge.org/core/journals/british-journal-of-political-science/article/beliefs-about-climate-beliefs-the-importance-of-secondorder-opinions-for-climate-politics/E35B49C0DD4A9F814B4281A00CC42450},
  urldate = {2022-03-30},
  langid = {english}
}

@article{mildenberger_support_2019,
  title = {Support for Climate Unilateralism},
  author = {Mildenberger, Matto},
  year = {2019},
  month = mar,
  journal = {Nature Climate Change},
  volume = {9},
  number = {3},
  pages = {187--188},
  publisher = {{Nature Publishing Group}},
  issn = {1758-6798},
  doi = {10.1038/s41558-019-0416-x},
  url = {https://www.nature.com/articles/s41558-019-0416-x},
  urldate = {2023-02-14},
  copyright = {2019 Springer Nature Limited},
  langid = {english}
}

@book{mill_utilitarianism_1861,
  title = {Utilitarianism},
  author = {Mill, John Stuart},
  year = {1861},
  series = {Oxford Philosophical Texts},
  publisher = {{Oxford University Press}},
  address = {{Oxford ; New York}},
  isbn = {978-0-19-875163-2 978-0-19-875162-5},
  lccn = {B1603.U873 M54 1998},
  annotation = {00000}
}

@article{miller_pluralistic_1987,
  title = {Pluralistic Ignorance: {{When}} Similarity Is Interpreted as Dissimilarity},
  shorttitle = {Pluralistic Ignorance},
  author = {Miller, Dale T. and McFarland, Cathy},
  year = {1987},
  journal = {Journal of Personality and Social Psychology},
  volume = {53},
  number = {2},
  pages = {298--305},
  publisher = {{American Psychological Association}},
  address = {{US}},
  issn = {1939-1315},
  doi = {10.1037/0022-3514.53.2.298}
}

@book{milner_delegation_2006,
  title = {Delegation and {{Agency}} in {{International Organizations}}},
  author = {Milner, Helen V.},
  year = {2006},
  publisher = {{Cambridge University Press}},
  address = {{New York}}
}

@article{milner_political_2010,
  title = {The {{Political Economy}} of {{U}}.s. {{Foreign Aid}}: {{American Legislators}} and the {{Domestic Politics}} of {{Aid}}},
  shorttitle = {The {{Political Economy}} of {{U}}.s. {{Foreign Aid}}},
  author = {Milner, Helen V. and Tingley, Dustin H.},
  year = {2010},
  journal = {Economics \& Politics},
  volume = {22},
  number = {2},
  pages = {200--232},
  issn = {1468-0343},
  doi = {10.1111/j.1468-0343.2009.00356.x},
  url = {https://onlinelibrary.wiley.com/doi/abs/10.1111/j.1468-0343.2009.00356.x},
  urldate = {2019-01-03},
  copyright = {\textcopyright{} 2009 Blackwell Publishing Ltd},
  langid = {english}
}

@article{milner_public_2013,
  title = {Public {{Opinion}} and {{Foreign Aid}}: {{A Review Essay}}},
  shorttitle = {Public {{Opinion}} and {{Foreign Aid}}},
  author = {Milner, Helen V. and Tingley, Dustin},
  year = {2013},
  month = jul,
  journal = {International Interactions},
  volume = {39},
  number = {3},
  pages = {389--401},
  issn = {0305-0629},
  doi = {10.1080/03050629.2013.784090},
  url = {https://doi.org/10.1080/03050629.2013.784090},
  urldate = {2018-05-29},
  annotation = {00065}
}

@article{nair_misperceptions_2018,
  title = {Misperceptions of {{Relative Affluence}} and {{Support}} for {{International Redistribution}}},
  author = {Nair, Gautam},
  year = {2018},
  month = apr,
  journal = {The Journal of Politics},
  volume = {80},
  number = {3},
  pages = {815--830},
  issn = {0022-3816},
  doi = {10.1086/696991},
  url = {https://www.journals.uchicago.edu/doi/abs/10.1086/696991},
  urldate = {2019-01-09},
  annotation = {00004}
}

@techreport{nair_preferences_2016,
  type = {{{SSRN Scholarly Paper}}},
  title = {Preferences for {{International Redistribution}} in the {{United States}}: {{Self-Interest}} or {{World Views}}?},
  shorttitle = {Preferences for {{International Redistribution}} in the {{United States}}},
  author = {Nair, Gautam},
  year = {2016},
  month = jul,
  number = {ID 2835624},
  address = {{Rochester, NY}},
  institution = {{Social Science Research Network}},
  url = {https://papers.ssrn.com/abstract=2835624},
  urldate = {2019-01-09},
  langid = {english},
  annotation = {00001}
}

@techreport{noauthor_2013_05_public-support-for-climate-energy-policies--april-2013pdf_nodate,
  title = {2013\_05\_{{Public-Support-for-Climate-Energy-Policies-in-April-2013}}.Pdf},
  url = {https://climatecommunication.yale.edu/wp-content/uploads/2016/02/2013_05_Public-Support-for-Climate-Energy-Policies-in-April-2013.pdf},
  urldate = {2023-02-21}
}

@techreport{noauthor_europeans_2007,
  title = {European's {{Citizens Perspectives}} on the {{Future}} of {{Europe}}},
  year = {2007},
  url = {https://web.archive.org/web/20070703153628/http://www.european-citizens-consultations.eu/fileadmin/user_upload/ECC_Fin_Con_Media/ECC_Fin_Con_Perspectives_FINAL_1_.pdf},
  urldate = {2020-10-06}
}

@article{nunn_restraining_2020,
  title = {Restraining {{Ourselves}}: {{Helping}} by {{Not Hurting}}},
  author = {Nunn, Nathan},
  year = {2020},
  pages = {11},
  langid = {english}
}

@book{oecd_main_2019,
  title = {Main {{Findings}} from the 2018 {{Risks}} That {{Matter Survey}}},
  author = {{OECD}},
  year = {2019},
  month = mar,
  publisher = {{OECD}},
  doi = {10.1787/9266e48a-en},
  url = {https://www.oecd-ilibrary.org/social-issues-migration-health/main-findings-from-the-2018-risks-that-matter-survey_9266e48a-en},
  urldate = {2023-02-28},
  isbn = {978-92-64-35751-8},
  langid = {english}
}

@article{ogorman_pluralistic_1975,
  title = {Pluralistic Ignorance and White Estimates of White Support for Racial Segregation},
  author = {O'Gorman, Hubert J.},
  year = {1975},
  month = jan,
  journal = {Public Opinion Quarterly},
  volume = {39},
  number = {3},
  pages = {313--330},
  issn = {0033-362X},
  doi = {10.1086/268231},
  url = {https://doi.org/10.1086/268231},
  urldate = {2022-02-02}
}

@article{ogorman_pluralistic_1976,
  title = {Pluralistic {{Ignorance}}\textemdash{{A Replication}} and {{Extension}}},
  author = {O'Gorman, Hubert J. and Garry, Stephen L.},
  year = {1976},
  month = jan,
  journal = {Public Opinion Quarterly},
  volume = {40},
  number = {4},
  pages = {449--458},
  issn = {0033-362X},
  doi = {10.1086/268331},
  url = {https://doi.org/10.1086/268331},
  urldate = {2022-02-02}
}

@techreport{parry_proposal_2021,
  title = {Proposal for an {{International Carbon Price Floor Among Large Emitters}}},
  author = {Parry, Ian and Black, Simon and Roaf, James},
  year = {2021},
  institution = {{IMF}},
  url = {https://www.imf.org/en/Publications/staff-climate-notes/Issues/2021/06/15/Proposal-for-an-International-Carbon-Price-Floor-Among-Large-Emitters-460468},
  urldate = {2021-08-17},
  langid = {english}
}

@techreport{patriotic_millionaires_patriotic_2022,
  title = {Patriotic {{Millionaires Survey}}},
  author = {Patriotic Millionaires},
  year = {2022},
  url = {https://static1.squarespace.com/static/621f82f3eac1ec38c4568743/t/6328836f94210c5910cfd601/1663599471244/Summary+Patriotic+Millionaires_wealth+\%26+taxes+09_2022.pdf},
  urldate = {2023-02-28}
}

@article{paxton_individual_2012,
  title = {Individual and Country-Level Factors Affecting Support for Foreign Aid},
  author = {Paxton, Pamela and Knack, Stephen},
  year = {2012},
  month = mar,
  journal = {International Political Science Review},
  volume = {33},
  number = {2},
  pages = {171--192},
  issn = {0192-5121},
  doi = {10.1177/0192512111406095},
  url = {https://doi.org/10.1177/0192512111406095},
  urldate = {2019-01-08},
  langid = {english}
}

@article{peters_synthesis_2012,
  title = {A Synthesis of Carbon in International Trade},
  author = {Peters, G. P. and Davis, S. J. and Andrew, R.},
  year = {2012},
  month = aug,
  journal = {Biogeosciences},
  volume = {9},
  number = {8},
  pages = {3247--3276},
  publisher = {{Copernicus GmbH}},
  issn = {1726-4170},
  doi = {10.5194/bg-9-3247-2012},
  url = {https://bg.copernicus.org/articles/9/3247/2012/},
  urldate = {2023-01-31},
  langid = {english}
}

@techreport{pipa_americans_2001,
  title = {Americans on {{Foreign Aid}} and {{World Hunger A Study}} of {{U}}.{{S}}. {{Public Attitudes}}},
  author = {PIPA, Program on International Policy Attitudes},
  year = {2001},
  institution = {{PIPA}},
  url = {http://worldpublicopinion.net/wp-content/uploads/2017/08/ForeignAid_Feb01_rpt.pdf},
  urldate = {2019-01-03}
}

@techreport{pipa_publics_2008,
  title = {Publics in {{Developed Countries Ready}} to {{Contribute Funds Necessary}} to {{Cut Hunger}} in {{Half By}} 2015},
  author = {PIPA, Program on International Policy Attitudes},
  year = {2008},
  url = {https://drum.lib.umd.edu/bitstream/handle/1903/10581/Developed\%20Countries\%20Ready\%20to\%20Fight\%20Hunger.pdf?sequence=3\&isAllowed=y},
  urldate = {2023-03-05}
}

@misc{rajan_global_2021,
  title = {A {{Global Incentive}} to {{Reduce Emissions}}},
  author = {Rajan, Raghuram G.},
  year = {2021},
  month = may,
  journal = {Project Syndicate},
  url = {https://www.project-syndicate.org/commentary/global-carbon-incentive-for-reducing-emissions-by-raghuram-rajan-2021-05},
  urldate = {2023-03-08},
  chapter = {Sustainability Now},
  langid = {english}
}

@article{reyes_better_2017,
  title = {Better {{Global Assessment}} of {{Worker Inequality}}: {{Comment}} on ``{{The Employment Footprints}} of {{Nations}}''},
  shorttitle = {Better {{Global Assessment}} of {{Worker Inequality}}},
  author = {Reyes, Rachel and Lenzen, Manfred and Murray, Joy},
  year = {2017},
  month = oct,
  journal = {Journal of Industrial Ecology},
  volume = {21},
  number = {5},
  pages = {1188--1197},
  issn = {1530-9290},
  doi = {10.1111/jiec.12489},
  url = {https://onlinelibrary.wiley.com/doi/abs/10.1111/jiec.12489},
  urldate = {2018-05-03},
  copyright = {\textcopyright{} 2016 by Yale University},
  langid = {english},
  annotation = {00001}
}

@book{reysen_psychology_2018,
  title = {{The Psychology of Global Citizenship: A Review of Theory and Research}},
  shorttitle = {{The Psychology of Global Citizenship}},
  author = {Reysen, Stephen and {Katzarska-Miller}, Iva},
  year = {2018},
  month = oct,
  publisher = {{Lexington Books}},
  address = {{Lanham}},
  isbn = {978-1-4985-7029-9},
  langid = {Englisch}
}

@article{rose_reducing_1990,
  title = {Reducing Conflict in Global Warming Policy: {{The}} Potential of Equity as a Unifying Principle},
  shorttitle = {Reducing Conflict in Global Warming Policy},
  author = {Rose, Adam},
  year = {1990},
  month = dec,
  journal = {Energy Policy},
  volume = {18},
  number = {10},
  pages = {927--935},
  issn = {0301-4215},
  doi = {10.1016/0301-4215(90)90127-P},
  url = {https://www.sciencedirect.com/science/article/pii/030142159090127P},
  urldate = {2023-02-22},
  langid = {english}
}

@article{sager_global_nodate-1,
  title = {The {{Global Consumer Incidence}} of {{Carbon Pricing}}:},
  author = {Sager, Lutz},
  pages = {58},
  url = {https://www.lse.ac.uk/granthaminstitute/publication/the-global-consumer-incidence-of-carbon-pricing/},
  langid = {english}
}

@article{sakai_uks_2017,
  title = {The {{UK}}'s {{Emissions}} and {{Employment Footprints}}: {{Exploring}} the {{Trade-Offs}}},
  shorttitle = {The {{UK}}'s {{Emissions}} and {{Employment Footprints}}},
  author = {Sakai, Marco and Owen, Anne and Barrett, John},
  year = {2017},
  month = jul,
  journal = {Sustainability},
  volume = {9},
  number = {7},
  pages = {1242},
  publisher = {{Multidisciplinary Digital Publishing Institute}},
  issn = {2071-1050},
  doi = {10.3390/su9071242},
  url = {https://www.mdpi.com/2071-1050/9/7/1242},
  urldate = {2022-07-17},
  copyright = {http://creativecommons.org/licenses/by/3.0/},
  langid = {english}
}

@article{schelling_intergenerational_1995,
  title = {Intergenerational Discounting},
  author = {Schelling, Thomas C},
  year = {1995},
  month = apr,
  journal = {Energy Policy},
  series = {Integrated Assessments of Mitigation, Impacts and Adaptation to Climate Change},
  volume = {23},
  number = {4},
  pages = {395--401},
  issn = {0301-4215},
  doi = {10.1016/0301-4215(95)90164-3},
  url = {http://www.sciencedirect.com/science/article/pii/0301421595901643},
  urldate = {2018-04-27},
  annotation = {00419}
}

@article{schleich_citizens_2016,
  title = {Citizens' Perceptions of Justice in International Climate Policy: An Empirical Analysis},
  shorttitle = {Citizens' Perceptions of Justice in International Climate Policy},
  author = {Schleich, Joachim and D{\"u}tschke, Elisabeth and Schwirplies, Claudia and Ziegler, Andreas},
  year = {2016},
  month = jan,
  journal = {Climate Policy},
  volume = {16},
  number = {1},
  pages = {50--67},
  publisher = {{Taylor \& Francis}},
  issn = {1469-3062},
  doi = {10.1080/14693062.2014.979129},
  url = {https://doi.org/10.1080/14693062.2014.979129},
  urldate = {2023-01-04}
}

@article{scotto_we_2017,
  title = {We {{Spend How Much}}? {{Misperceptions}}, {{Innumeracy}}, and {{Support}} for the {{Foreign Aid}} in the {{United States}} and {{Great Britain}}},
  shorttitle = {We {{Spend How Much}}?},
  author = {Scotto, Thomas J. and Reifler, Jason and Hudson, David and {vanHeerde-Hudson}, Jennifer},
  year = {2017/ed},
  journal = {Journal of Experimental Political Science},
  volume = {4},
  number = {2},
  pages = {119--128},
  issn = {2052-2630, 2052-2649},
  doi = {10.1017/XPS.2017.6},
  url = {https://www.cambridge.org/core/journals/journal-of-experimental-political-science/article/we-spend-how-much-misperceptions-innumeracy-and-support-for-the-foreign-aid-in-the-united-states-and-great-britain/D153BB8A3B349CAB1C2A4E7038A57183},
  urldate = {2019-01-09},
  langid = {english},
  annotation = {00002}
}

@techreport{sdp_mehr_2021,
  title = {Mehr {{Fortschritt Wagen}}},
  author = {SDP, die Gr{\"u}ne FDP},
  year = {2021},
  url = {https://www.tagesschau.de/koalitionsvertrag-147.pdf},
  urldate = {2021-11-25}
}

@book{singer_one_2004,
  title = {{One World: The Ethics of Globalization}},
  shorttitle = {{One World}},
  author = {Singer, Peter},
  year = {2004},
  month = mar,
  edition = {2nd Edition},
  publisher = {{Yale University Press}},
  address = {{New Haven}},
  isbn = {978-0-300-10305-2},
  langid = {Englisch}
}

@article{solomon_international_1991,
  title = {International Reductions of Greenhouse-Gas Emissions: {{An}} Equitable and Efficient Approach},
  shorttitle = {International Reductions of Greenhouse-Gas Emissions},
  author = {Solomon, Barry D. and Ahuja, Dilip R.},
  year = {1991},
  month = dec,
  journal = {Global Environmental Change},
  volume = {1},
  number = {5},
  pages = {343--350},
  issn = {0959-3780},
  doi = {10.1016/0959-3780(91)90001-A},
  url = {https://www.sciencedirect.com/science/article/pii/095937809190001A},
  urldate = {2023-02-22},
  langid = {english}
}

@article{sparkman_americans_2022,
  title = {Americans Experience a False Social Reality by Underestimating Popular Climate Policy Support by Nearly Half},
  author = {Sparkman, Gregg and Geiger, Nathan and Weber, Elke U.},
  year = {2022},
  month = aug,
  journal = {Nature Communications},
  volume = {13},
  pages = {4779},
  issn = {2041-1723},
  doi = {10.1038/s41467-022-32412-y},
  url = {https://www.ncbi.nlm.nih.gov/pmc/articles/PMC9399177/},
  urldate = {2023-03-07},
  pmcid = {PMC9399177},
  pmid = {35999211}
}

@article{stanton_negishi_2011,
  title = {Negishi Welfare Weights in Integrated Assessment Models: The Mathematics of Global Inequality},
  shorttitle = {Negishi Welfare Weights in Integrated Assessment Models},
  author = {Stanton, Elizabeth A.},
  year = {2011},
  month = aug,
  journal = {Climatic Change},
  volume = {107},
  number = {3-4},
  pages = {417--432},
  issn = {0165-0009, 1573-1480},
  doi = {10.1007/s10584-010-9967-6},
  url = {https://link.springer.com/article/10.1007/s10584-010-9967-6},
  urldate = {2018-05-28},
  langid = {english},
  annotation = {00054}
}

@techreport{stern_report_2017,
  title = {Report of the {{High-Level Commission}} on {{Carbon Prices}}},
  author = {Stern, Nicholas and Stiglitz, Joseph E.},
  year = {2017},
  institution = {{Carbon Pricing Leadership Coalition}},
  url = {https://static1.squarespace.com/static/54ff9c5ce4b0a53decccfb4c/t/59b7f2409f8dce5316811916/1505227332748/CarbonPricing_FullReport.pdf},
  urldate = {2019-06-24}
}

@article{suls_pluralistic_2003,
  title = {Pluralistic Ignorance and College Student Perceptions of Gender-Specific Alcohol Norms},
  author = {Suls, Jerry and Green, Peter},
  year = {2003},
  journal = {Health Psychology},
  volume = {22},
  number = {5},
  pages = {479--486},
  publisher = {{American Psychological Association}},
  address = {{US}},
  issn = {1930-7810},
  doi = {10.1037/0278-6133.22.5.479}
}

@article{tresch_aussen-_2022,
  title = {{Aussen-, Sicherheits- und Verteidigungspolitische Meinungsbildung im Trend}},
  author = {Tresch, Tibor Szvircsev and Wenger, Andreas and Rosa, Stefano De and Ferst, Thomas and Robert, Jacques and Rohr, Patric},
  year = {2022},
  pages = {325},
  langid = {ngerman}
}

@article{unfccc_implementation_1997,
  title = {Implementation of the {{Berlin}} Mandate :: Additional Proposals from {{Parties}} : Note /: By the {{Secretariat}}.},
  shorttitle = {Implementation of the {{Berlin}} Mandate},
  author = {UNFCCC, Secretariat and Brazil and Netherlands and Communities, European and Kingdom, United},
  year = {1997},
  month = may,
  publisher = {{UN,}},
  url = {https://digitallibrary.un.org/record/240621},
  urldate = {2023-02-21},
  langid = {english}
}

@article{van_boven_pluralistic_2000,
  title = {Pluralistic {{Ignorance}} and {{Political Correctness}}: {{The Case}} of {{Affirmative Action}}},
  shorttitle = {Pluralistic {{Ignorance}} and {{Political Correctness}}},
  author = {Van Boven, Leaf},
  year = {2000},
  journal = {Political Psychology},
  volume = {21},
  number = {2},
  pages = {267--276},
  issn = {1467-9221},
  doi = {10.1111/0162-895X.00187},
  url = {https://onlinelibrary.wiley.com/doi/abs/10.1111/0162-895X.00187},
  urldate = {2022-02-02},
  langid = {english}
}

@article{warlenius_reversing_2015,
  title = {Reversing the Arrow of Arrears: {{The}} Concept of ``Ecological Debt'' and Its Value for Environmental Justice},
  shorttitle = {Reversing the Arrow of Arrears},
  author = {Warlenius, Rikard and Pierce, Gregory and Ramasar, Vasna},
  year = {2015},
  month = jan,
  journal = {Global Environmental Change},
  volume = {30},
  pages = {21--30},
  issn = {0959-3780},
  doi = {10.1016/j.gloenvcha.2014.10.014},
  url = {https://www.sciencedirect.com/science/article/pii/S0959378014001812},
  urldate = {2023-03-03},
  langid = {english}
}

@article{weitzman_world_2017,
  title = {On a {{World Climate Assembly}} and the {{Social Cost}} of {{Carbon}}},
  author = {Weitzman, Martin L.},
  year = {2017},
  journal = {Economica},
  volume = {84},
  number = {336},
  pages = {559--586},
  issn = {1468-0335},
  doi = {10.1111/ecca.12248},
  url = {https://onlinelibrary.wiley.com/doi/abs/10.1111/ecca.12248},
  urldate = {2019-09-10},
  copyright = {\textcopyright{} 2017 The London School of Economics and Political Science},
  langid = {english},
  annotation = {00012}
}

@article{williamson_public_2019,
  title = {Public {{Ignorance}} or {{Elitist Jargon}}? {{Reconsidering Americans}}' {{Overestimates}} of {{Government Waste}} and {{Foreign Aid}}},
  shorttitle = {Public {{Ignorance}} or {{Elitist Jargon}}?},
  author = {Williamson, Vanessa},
  year = {2019},
  month = jan,
  journal = {American Politics Research},
  volume = {47},
  number = {1},
  pages = {152--173},
  issn = {1532-673X},
  doi = {10.1177/1532673X18759645},
  url = {https://doi.org/10.1177/1532673X18759645},
  urldate = {2019-01-09},
  langid = {english},
  annotation = {00001}
}

@article{wood_aid_2018,
  title = {Aid {{Policy}} and {{Australian Public Opinion}}},
  author = {Wood, Terence},
  year = {2018},
  journal = {Asia \& the Pacific Policy Studies},
  volume = {5},
  number = {2},
  pages = {235--248},
  issn = {2050-2680},
  doi = {10.1002/app5.230},
  url = {https://onlinelibrary.wiley.com/doi/abs/10.1002/app5.230},
  urldate = {2019-01-09},
  copyright = {\textcopyright{} 2018 The Authors. Asia and the Pacific Policy Studies published by John Wiley \& Sons Australia, Ltd and Crawford School of Public Policy at The Australian National University.},
  langid = {english},
  annotation = {00002}
}

@techreport{wood_australian_2015,
  type = {{{SSRN Scholarly Paper}}},
  title = {Australian {{Attitudes}} to {{Aid}}: {{Who Supports Aid}}, {{How Much Aid Do They Want Given}}, and {{What Do They Want}} It {{Given}} For?},
  shorttitle = {Australian {{Attitudes}} to {{Aid}}},
  author = {Wood, Terence},
  year = {2015},
  month = oct,
  number = {ID 2672704},
  address = {{Rochester, NY}},
  institution = {{Social Science Research Network}},
  url = {https://papers.ssrn.com/abstract=2672704},
  urldate = {2019-01-09},
  langid = {english},
  annotation = {00006}
}

@techreport{world_bank_world_2010,
  title = {World {{Development Report}} 2010: {{Development}} and {{Climate Change}}},
  shorttitle = {World {{Development Report}} 2010},
  author = {{World Bank}},
  year = {2010},
  address = {{Washington, DC}},
  institution = {{World Bank}},
  doi = {10.1596/978-0-8213-7987-5},
  url = {https://openknowledge.worldbank.org/handle/10986/4387},
  urldate = {2023-02-21},
  copyright = {http://creativecommons.org/licenses/by/3.0/igo},
  isbn = {9780821379875},
  langid = {english},
  annotation = {Accepted: 2012-03-19T19:17:01Z             desarrollo y cambio climatico              World development report 2010 :              development and climate change              Rapport sur le developpement dans le              monde : developpement et changement climatique              Laporan pembangunan dunia 2010 :              pembangunan dan perubahan lklim}
}

@techreport{worldpublicopinion_american_2010,
  title = {American {{Public Opinion}} on {{Foreign Aid}}},
  author = {WorldPublicOpinion},
  year = {2010},
  url = {https://worldpublicopinion.net/wp-content/uploads/2016/04/ForeignAid_Nov10_quaire.pdf},
  urldate = {2022-09-25}
}

@misc{zhang_global_2016,
  title = {The Global Poverty Gap Is Falling. {{Billionaires}} Could Help Close It.},
  author = {Zhang, Lorenz Noe, {and} Christine, Laurence Chandy},
  year = {2016},
  month = jan,
  journal = {Brookings},
  url = {https://www.brookings.edu/blog/up-front/2016/01/20/the-global-poverty-gap-is-falling-billionaires-could-help-close-it/},
  urldate = {2021-11-28},
  langid = {american}
}
