@article{klenert_making_2018,
  title = {Making Carbon Pricing Work for Citizens},
  author = {Klenert, David and Mattauch, Linus and Combet, Emmanuel and Edenhofer, Ottmar and Hepburn, Cameron and Rafaty, Ryan and Stern, Nicholas},
  year = {2018},
  month = aug,
  journal = {Nature Climate Change},
  volume = {8},
  number = {8},
  pages = {669},
  issn = {1758-6798},
  doi = {10.1038/s41558-018-0201-2},
  url = {https://www.nature.com/articles/s41558-018-0201-2},
  urldate = {2019-01-04},
  copyright = {2018 The Author(s)},
  langid = {english},
  keywords = {carbon tax,climate change,france,lire,opinion,poll,synthesis}
}
